2648 4822
96 389 98 394 ¹
135 398 176 461 32
511 393 576 456 DE
599 393 805 458 PHAEDRI

133 552 169 599 nt
180 539 242 598 duo
250 532 470 598 tantummodo
483 535 602 594 codices
612 535 646 594 in
655 535 759 594 Gallia
769 537 846 596 olim
857 540 1079 618 reperirentur:
1091 560 1191 621 quam

132 626 222 688 facile
235 624 301 684 fieri
313 635 449 705 poteret,
464 635 499 681 ut
511 621 549 681 de
564 622 634 696 lite,
645 620 815 683 Christium
829 625 909 683 inter
921 637 951 684 et
962 625 1136 686 Funccium
1155 627 1191 684 in

133 715 301 777 Germania
313 724 431 787 exorta,
445 712 504 771 viri
516 711 613 785 docti,
626 712 661 771 in
673 733 810 793 quorum
821 713 966 774 manibus
978 714 1051 774 dicti
1067 714 1191 774 codices

133 805 228 866 hocce
244 819 381 884 tempore
401 812 509 876 essent,
524 822 591 860 non
603 799 714 861 fierent
725 802 885 862 certiores?
897 804 956 862 Cui
968 804 1095 885 quidem
1113 824 1192 863 con·

131 893 257 976 jecturae
273 899 434 962 eventum,
453 899 489 946 ut
503 888 663 971 sequentia
675 888 833 949 docebunt
846 890 928 968 (vide
946 911 1019 950 mox
1031 891 1069 950 de
1081 889 1191 950 codice

133 979 277 1060 Pitheci),
296 975 505 1059 respondisse,
527 996 613 1035 nunc
635 977 769 1037 maxime
786 977 883 1037 laetor.
904 978 945 1037 Ut
964 989 1100 1052 taceam,
1120 986 1192 1036 noti

134 1071 200 1131 sine
211 1088 326 1149 magna
337 1065 473 1124 veritatis
492 1065 591 1146 specie
606 1063 758 1125 affirmari
775 1086 877 1146 posse,
898 1065 932 1125 in
950 1068 1053 1141 ltalia,
1073 1067 1097 1125 si
1120 1085 1190 1124 non

135 1158 267 1231 multos,
281 1167 360 1214 certe
372 1152 526 1233 quosdam
539 1151 662 1212 Phoedri
675 1154 795 1214 codices
806 1155 900 1214 latere
914 1154 948 1214 in
962 1154 1106 1214 tenebris.
1119 1154 1192 1213 Ete-

135 1246 203 1306 nim
217 1243 363 1304 credibile
376 1254 430 1317 est,
442 1256 478 1301 ut
489 1241 597 1324 paullo
609 1253 680 1325 post
692 1243 883 1318 videbimus,
895 1245 1073 1318 Perottum‚
1085 1243 1193 1324 ponti·

135 1333 225 1395 ficem
237 1332 451 1414 sipontinum,
464 1343 610 1390 evetusto
623 1329 746 1390 Phaedri
756 1330 861 1391 codice
871 1331 1051 1391 fabularum
1062 1350 1193 1390 suarum

135 1422 248 1482 multas
267 1419 490 1501 conscripsisse.
511 1420 588 1495 Quat
608 1420 704 1500 igitur
722 1418 899 1501 conjectura
916 1418 975 1480 hac
993 1430 1100 1480 nostra
1113 1438 1193 1477 vero

135 1513 233 1595 possit
240 1531 303 1570 esse
312 1508 454 1582 similior,
468 1508 501 1566 in
511 1508 662 1569 Italorum
674 1507 870 1570 bibliothecis
878 1510 975 1570 alium
987 1523 1080 1591 atque
1091 1504 1194 1567 alium

136 1598 260 1658 Phaedri
281 1597 419 1657 codicem
443 1595 572 1655 fortasse
595 1595 690 1656 hodie
710 1611 844 1673 exstare,
872 1610 963 1679 atque
988 1616 1057 1656 non
1080 1614 1194 1655 omnes

136 1687 233 1746 libros
244 1706 342 1745 manu
353 1686 483 1766 scriptos
495 1683 662 1745 interiisse?

177 1776 320 1857 Sequitur
333 1794 418 1849 nunc
431 1773 576 1833 codicum
582 1772 751 1850 Elenchus,
764 1774 804 1834 ad
816 1797 895 1855 quos
906 1773 1074 1834 Phaedmm
1087 1769 1194 1831 adhue

137 1866 322 1928 recensitum
333 1883 396 1923 esse
406 1876 544 1922 constat:
558 1864 672 1945 quibus
685 1863 821 1924 addendi
832 1865 1019 1923 'videbantur
1030 1861 1127 1922 codex
1138 1861 1195 1920 Pe·

137 1957 211 2016 rotti
226 1969 256 2014 ct
267 1954 371 2013 Codex
381 1954 609 2035 manuscriptus
618 1954 834 2028 Divionensis‚
844 1952 967 2013 fabulas
978 1950 1107 2011 Romuli
1118 1970 1196 2032 pro·

139 2046 234 2104 saicas
246 2043 420 2102 continens.
437 2043 478 2100 Ac
490 2041 594 2122 primo
609 2040 736 2121 quidem
748 2042 818 2101 loco
835 2039 1050 2100 nominandus
1063 2049 1130 2098 est:

456 2203 481 2243 1.
503 2183 658 2242 CODEX
678 2184 871 2246 PlTHOEl.

179 2316 435 2377 Membranaceus
464 2336 567 2376 mcccc
591 2317 711 2376 circiter
738 2338 909 2394 annorum,
942 2330 978 2378 ut
1002 2317 1048 2375 Gl.
1082 2317 1199 2375 Brutier

141 2405 264 2476 videtur
281 2405 338 2484 (1);
359 2403 427 2479 sed,
445 2403 605 2485 judicante
625 2405 748 2480 Gudio‚
770 2409 852 2465 intra
875 2407 902 2464 V
923 2418 953 2465 et
975 2407 1004 2464 X
1026 2425 1044 2462 a
1068 2399 1196 2462 Christo

140 2509 216 2553 nato
237 2491 386 2552 saeculum
405 2494 545 2575 scriptus.
565 2495 713 2575 Repertus
738 2505 783 2553 est
801 2493 963 2575 quondam
985 2513 1004 2550 a
1026 2488 1196 2549 Francisco

140 2579 278 2656 Pithoeo‚
291 2603 309 2640 a
319 2600 383 2661 quo
396 2582 514 2662 accepit
525 2583 632 2641 Petrus
647 2581 787 2643 Pithoeus
800 2581 909 2657 frater,
920 2583 1055 2664 primus,
1068 2588 1104 2638 ut
1117 2596 1196 2636 con·

141 2684 213 2745 stat,
229 2669 353 2729 Phaedri
365 2670 464 2730 editor
477 2670 527 2750 (2).
545 2674 623 2731 Sunt
634 2672 690 2752 qui
702 2670 788 2733 hunc
800 2671 938 2732 codicem
949 2693 967 2730 a
980 2672 1044 2729 Jac.
1055 2669 1198 2753 Sirmon·

141 2758 198 2833 do,
214 2758 365 2818 societatis
381 2759 469 2832 Jesu,
492 2760 526 2818 in
541 2758 745 2841 Lotharingia
761 2761 838 2820 olim
859 2773 1030 2842 repertum,
1047 2769 1079 2815 et
1092 2754 1197 2814 amico

141 2871 215 2927 suo,
236 2850 399 2910 Francisco
414 2847 553 2923 Pitltoeo,
573 2849 659 2909 dono
678 2849 787 2910 datum
801 2872 864 2911 esse
880 2861 1033 2922 statuant;
1055 2846 1088 2905 id
1108 2843 1199 2926 quod

141 2939 232 2998 video
248 2938 367 2997 factum
384 2957 447 2996 esse
464 2949 575 3018 praeter
593 2937 671 2997 alios
687 2938 737 3016 (3)
750 2959 768 2995 a
779 2938 874 3000 Gabr.
887 2940 1007 3010 Erotion,
1022 2933 1117 2994 Gallo
1129 2928 1197 3011 (d).

47 3069 50 3075 .
141 3024 198 3083 Sed
209 3046 309 3105 quum
320 3025 354 3084 P.
365 3022 503 3083 Pithoeus
513 3024 546 3083 in
558 3024 753 3084 dedicatione
762 3023 802 3083 ad
809 3026 1007 3085 Franciscum
1013 3023 1142 3081 fratrem
1155 3020 1199 3099 (5)

142 3110 253 3171 diserte
261 3111 352 3186 dicat,
360 3111 550 3172 sebeneficio
560 3111 742 3194 exemplaris
750 3133 768 3170 a
777 3109 880 3185 fratre,
888 3111 1051 3170 Francisco
1060 3106 1198 3181 Pithoeo,

143 3201 254 3280 reperti
268 3200 359 3276 (ubil
371 3222 438 3261 non
454 3200 542 3262 addit
558 3202 624 3282 (6);
639 3200 710 3262 vide
726 3213 831 3259 tamen
850 3199 933 3259 infra
951 3213 1018 3258 not.
1037 3220 1067 3272 r,
1081 3219 1114 3279 p.
1128 3197 1200 3276 36.)

144 3381 178 3434 nd
194 3383 347 3436 formandos
364 3404 449 3438 mores
466 3387 647 3459 aptissimum
686 3407 747 3460 pag.
763 3407 804 3454 vr,
827 3388 888 3439 edit.
906 3389 986 3438 Paris.
1008 3385 1090 3455 1783,
1110 3386 1197 3435 in-12.

143 3461 208 3515 nihil
218 3461 290 3532 quod
300 3482 354 3513 non
363 3463 404 3514 vel
413 3467 440 3514 in
450 3466 591 3538 Gynaeceo,
601 3471 650 3518 vir·
722 3468 762 3540 (a)
770 3467 925 3521 Desbillonii
934 3470 1008 3539 Disp.
1020 3468 1056 3532 ΙΙ,
1066 3466 1101 3517 de
1109 3465 1197 3516 Fabb.

143 3545 234 3613 pinum
244 3559 275 3591 ae
284 3553 465 3592 matronarum
473 3561 551 3612 grege
561 3546 649 3616 profe·
688 3548 802 3613 Phaedri,
813 3568 840 3619 p.
853 3566 901 3615 xv,
911 3549 1035 3619 praemiss.
1048 3549 1082 3616 ej.
1092 3545 1200 3597 Editio-

143 3643 195 3676 ras.
215 3625 309 3694 Neque
328 3620 406 3673 aliam
427 3641 548 3674 caussam
567 3625 648 3677 fuisse
689 3625 1060 3696 ni‚Mauhem.1786,iu-8⁰.

145 3704 266 3768 arbitror,
279 3699 522 3772 qnodtantacopia
533 3702 604 3754 MSS.
616 3703 648 3754 li-
735 3703 763 3773 3)
779 3704 859 3755 rtem.
877 3705 909 3755 de
928 3705 1060 3766 Τηίυοιικ,
1080 3703 1115 3753 ad
1132 3721 1197 3754 ann.

144 3785 252 3837 brorum
268 3783 375 3845 Aviani,
391 3783 434 3831 vix
452 3799 520 3832 unus
539 3794 565 3832 et
584 3780 649 3835 alter
692 3798 722 3851 17
765 3781 1197 3854 ‚p.785‚coll.Desbillon.Disp.

145 3866 269 3935 antiquus
281 3859 370 3912 Codex
381 3857 592 3910 Phtedrianarum
607 3862 649 3912 fs·
689 3860 736 3925 lll,
747 3858 780 3911 de
790 3859 868 3911 Editt.
879 3860 978 3912 Phaedr.
988 3880 1016 3931 p.
1026 3877 1098 3912 mv.

145 3945 266 3997 bolarum
279 3954 406 4013 superest.
418 3964 428 3987 ι
441 3941 481 3991 De
493 3939 543 3991 alia
555 3943 649 3992 rarita-
726 3938 765 4010 (4)
774 3943 813 3992 De
822 3940 874 3992 hoe
883 3939 941 3993 vide
952 3940 1005 3993 loe.
1016 3944 1059 3992 cit.

146 4027 179 4077 tis
194 4040 288 4076 caussa
301 4021 353 4072 alio
367 4018 428 4071 loco
441 4017 520 4070 verba
531 4019 649 4073 facturus
721 4019 764 4096 (5)
773 4023 905 4074 Praemisso
915 4035 954 4074 est
963 4022 1073 4074 editioni
1080 4024 1202 4078 Weche-

147 4123 214 4156 sum.
689 4100 751 4153 lian.
763 4100 864 4154 Hanov.
879 4103 960 4169 1603,
969 4105 1055 4155 in-rs.

182 4180 333 4252 (1)Prtefat.
350 4179 465 4234 Editioni
481 4179 537 4250 ejus
549 4178 646 4252 praelix.
725 4178 764 4248 (6)
779 4179 827 4234 les
843 4181 993 4236 calvinistes
1009 4183 1116 4235 avaient
1129 4182 1204 4254 pitu
