2648 4822
151 414 1172 447 mmmmm

328 575 551 811 VITA
595 668 974 800 PHAEDRI

422 1022 517 1115 EX
551 1018 883 1114 PHAEDRO¹

270 1331 521 1406 AUCTORE
546 1332 580 1400 J.
608 1330 653 1400 G.
681 1328 715 1400 S.
743 1325 1029 1404 SCHWABIO.

141 1851 309 1941 pireneum
327 1875 419 1937 suisse
435 1875 604 1952 Thracem,
627 1898 693 1937 non
712 1879 804 1959 pauci
823 1880 963 1938 virorum
984 1877 1177 1939 doctissimo·

136 1987 202 2025 rum
216 1978 302 2041 sunt,
324 1967 398 2046 qui,
419 1965 496 2025 duce
515 1966 638 2025 Pithoeo
650 2009 660 2040 ,
674 1977 810 2025 statuant
830 1967 879 2044 (2).
902 1969 1079 2031 Provocant
1093 1969 1177 2028 enim

133 2053 173 2112 ad
186 2054 253 2137 ipsa
266 2050 389 2112 Phaedri
408 2053 503 2111 verba
520 2053 580 2130 (3);

273 2181 343 2249 ugo,
353 2198 432 2252 quem
440 2181 525 2232 Pierio
535 2194 619 2233 mater
628 2181 703 2232 enixa
715 2192 754 2232 est
761 2184 843 2250 jugo,

275 2259 367 2330 inquo
379 2260 482 2309 tonanti
491 2273 582 2311 saneta
591 2259 762 2331 Mnemosyne
771 2261 844 2327 Jovi,

275 2337 399 2390 Fecunda
407 2341 511 2405 novies,
521 2341 615 2392 artium
624 2342 727 2412 peperit
737 2339 862 2408 chorum,
873 2355 922 2393 ete.
933 2362 940 2391 r

129 2471 162 2519 et
175 2458 216 2520 ad
227 2458 334 2519 locum
346 2459 443 2520 alium
456 2460 498 2542 (4)
514 2485 521 2520 :

276 2598 347 2669 Ego,
356 2598 474 2652 litteratae
483 2603 528 2673 qui
538 2619 596 2655 sum
604 2603 715 2673 propior
724 2601 841 2667 Graiae,

277 2676 331 2728 Cur
340 2696 433 2729 somno
442 2681 519 2731 inerti
527 2679 646 2732 deseram
655 2681 746 2750 petrice
757 2679 855 2734 decus?

276 2755 398 2810 Threissa
408 2778 489 2831 quum
496 2779 561 2831 gens
570 2773 690 2812 numeret
700 2775 821 2814 auctores
832 2779 909 2827 snos,

276 2839 395 2911 Linoque
404 2837 500 2911 Apollo
511 2842 544 2892 sit
553 2859 662 2912 parens,
672 2841 750 2893 Musa
758 2841 875 2914 Orpheo.

175 2960 297 3038 Quibus
312 2961 432 3022 addunt
445 2963 548 3024 iocum
562 2963 713 3024 Strabonis
726 2964 767 3044 (5)
778 2989 785 3024 ι
798 2957 854 3026 iri
865 2965 892 3024 δὲ
903 2974 948 3023 τοῦ
963 2967 1068 3042 μέλους,
1084 2960 1126 3018 καὶ
1136 2970 1182 3019 τοῦ

128 3057 242 3133 ῥυθμοῦ,
255 3055 358 3111 καὶτῶν
368 3057 495 3134 ὀργάνων,
507 3055 550 3113 καὶ
560 3058 575 3117 ἡ
584 3058 696 3134 μουσικὴ
708 3066 780 3116 πᾶσα
791 3056 889 3138 Θρᾳκία
898 3057 941 3112 καὶ
950 3043 1054 3119 bridric
1066 3054 1183 3130 νενόμισ-

130 3161 188 3200 ται·
207 3140 284 3201 δῆλον
299 3136 322 3197 δ’
336 3140 365 3198 ’ἑκ
382 3165 409 3199 τε
422 3148 473 3199 τῶν
484 3146 582 3218 τόπων,
596 3145 623 3201 ἐν
638 3140 675 3208 οἷς
686 3148 714 3200 αἱ
727 3153 829 3202 Μοῦσαι
847 3143 1004 3220 τετίμηνται.
1025 3141 1111 3220 Πιερία
1120 3142 1182 3219 rico,

132 3229 180 3284 καὶ
193 3212 326 3305 diopros,
339 3229 382 3285 καὶ
397 3229 516 3307 niuniu,
532 3229 576 3287 καί
587 3229 743 3308 Λείὸηθρον,
762 3237 793 3288 τὸ
814 3230 923 3288 παλαιὸν
940 3224 970 3289 ἦν
989 3231 1086 3306 Θρᾴκια
1102 3227 1184 3306 χωρία

133 3315 181 3371 καὶ
203 3312 264 3393 ὅρη,
284 3325 355 3388 etc.;
370 3333 405 3373 ex
429 3334 493 3394 quo
515 3313 648 3396 probare
670 3315 807 3389 student,
830 3314 962 3374 Pieriam
984 3327 1184 3394 montemque

654 3398 665 3417 .

171 3514 251 3590 (r)1n
263 3519 410 3572 enarranda
425 3522 478 3572 vita
488 3518 591 3572 Phaedri
607 3537 639 3572 ea
684 3525 842 3594 argumentis
855 3520 888 3574 ad
897 3519 1064 3593 probandum
1075 3519 1184 3571 idoneis.

132 3602 638 3673 potissimuminususmeosverti,quar
719 3604 758 3676 (2)
775 3604 926 3677 Sebefferus
942 3604 970 3654 in
986 3603 1047 3652 Vita
1064 3598 1184 3651 Phaedri:

134 3682 184 3732 viri
193 3680 274 3743 docti,
282 3683 469 3747 Funccius‚Jo.
478 3681 638 3754 Scheffenis,
684 3685 815 3737 Fabricius
826 3687 853 3735 in
864 3686 892 3735 B.
905 3685 934 3734 L.
946 3683 977 3733 T.
990 3685 1026 3746 II,
1038 3701 1066 3752 p.
1080 3680 1112 3734 25
1119 3702 1126 3742 ;
1137 3679 1185 3730 Ed.

134 3762 179 3814 Jo.
191 3763 251 3814 Alb.
268 3763 412 3830 Fabricius,
425 3764 453 3813 F.
470 3765 525 3814 Jos.
541 3761 641 3814 Destit—
684 3766 785 3818 Ernest.
800 3763 927 3817 Farncciur
942 3762 976 3815 de
992 3762 1093 3825 Senect.
1110 3763 1139 3813 L.
1156 3761 1184 3811 L.

133 3841 237 3908 ionius,
251 3842 369 3905 Crusiur,
380 3841 494 3910 Anglus,
509 3841 543 3892 de
556 3838 640 3892 hoece
685 3847 750 3919 Cap,
763 3848 811 3913 ΠΙ,
824 3845 846 3916 §
860 3847 891 3911 8,
903 3841 954 3896 alii.

134 3932 218 3991 poeta
243 3921 375 3972 memoriae
398 3918 588 3990 prodiderun13
604 3922 642 3970 ita
720 3925 759 3997 (3)
768 3925 837 3976 Prol.
850 3922 906 3975 Lib.
919 3925 966 3988 111,
982 3939 1041 3991 ¹7···
1057 3938 1097 3991 19.

136 4000 258 4071 quidem,
267 4014 298 4052 ut
307 4000 406 4072 placita
417 4018 508 4051 eorum
517 3999 641 4071 disquisi·
720 4003 837 4076 (4)Pr01,
849 4002 906 4055 Lib.
919 4002 967 4066 ΠΙ,
978 4000 1040 4066 54...
1054 3999 1096 4069 57.

136 4084 203 4133 tioni
214 4081 385 4152 subjicerem,
396 4099 530 4153 novasque
542 4082 641 4152 passim
720 4082 759 4154 (5)
777 4079 926 4152 Geograph.
944 4080 973 4129 l..
990 4079 1029 4142 X,
1044 4094 1104 4148 pag.
1121 4093 1181 4147 722.

137 4161 263 4213 auderem
280 4162 464 4230 conjecturas,
480 4170 641 4212 sustentatus
684 4162 754 4215 Edit.
766 4159 874 4213 Amstel.
889 4174 969 4227 1707,
981 4154 1069 4208 in-fot.
