2648 4822
146 379 165 421 a
543 359 790 457 PRAEFATIO

142 491 299 583 antiqnae,
312 517 373 557 nec
383 516 450 557 non
460 490 604 557 historia
614 493 778 559 litterariae
789 495 928 584 cupidis,
939 497 1079 561 maxime
1088 496 1200 565 Selia--

141 595 246 660 larum
257 597 418 683 magistris
428 596 550 674 offero,
563 595 774 684 respondeat,
786 597 829 662 de
840 622 881 664 eo
891 599 1030 689 quidem
1037 601 1189 667 doctrina

140 719 330 789 praestantes
343 717 376 764 et
388 702 474 789 aequi
486 724 597 765 rernm
609 705 821 768 aestimatores
836 729 924 769 nunc
934 706 1098 796 judicent.

184 808 360 871 Maximam
375 827 488 868 curam
504 806 537 867 in
553 828 593 868 co
609 808 720 894 posui,
741 824 778 870 nt
794 824 920 872 textum
937 809 1065 891 darem,
1086 835 1190 901 qnan-

140 930 211 977 tum
225 913 295 993 lieri
310 928 453 999 poterat,
467 911 659 998 castigatum
672 928 705 975 et
716 936 848 1000 purum.
860 916 929 981 Etsi
939 918 1028 981 enim
1037 921 1189 984 recensio

140 1019 393 1097 Burmanniana,
406 1015 516 1082 adhuc
525 1040 545 1082 a
555 1018 665 1083 multis
675 1037 823 1107 recepta,
836 1021 942 1087 landis
953 1023 1098 1110 palmam
1106 1049 1191 1113 prae-

138 1126 245 1212 ripere
256 1123 429 1189 videbatur
438 1124 588 1213 reliquis,
602 1141 712 1190 tamen
722 1125 804 1190 mihi
814 1142 884 1190 erat
892 1150 1098 1215 persuasum,
1109 1134 1189 1196 Bur-

137 1253 310 1309 mannum,
329 1233 387 1320 qni
406 1232 503 1295 toties
520 1230 685 1317 vulgatam
698 1231 876 1296 lectionem
890 1251 1003 1299 contra
1015 1260 1117 1303 novas
1133 1240 1187 1303 Ri-

137 1337 249 1403 chardi
265 1338 403 1403 Bentleii
420 1355 453 1405 et
466 1340 630 1403 Francisci
645 1340 737 1405 Harii
753 1341 959 1431 conjecturas
975 1361 1066 1409 recte
1081 1348 1187 1413 tuitus
1227 1426 1229 1437 Ι

136 1458 219 1523 erat,
231 1465 298 1508 non
308 1466 381 1508 raro
392 1444 462 1507 sine
472 1443 667 1506 necessitate
678 1442 829 1507 eamdem
839 1444 1085 1532 neglexisse(1),
1093 1448 1187 1515 alias·

75 1596 78 1601 -
136 1574 202 1641 qne
214 1552 403 1631 Lectiones,
419 1551 539 1638 passim
554 1552 652 1614 etiam
667 1550 950 1638 elegantiores(2),
965 1552 1186 1623 substituisse.

134 1660 177 1723 At
199 1680 278 1723 vero
301 1680 377 1721 cnm
398 1658 596 1735 existimem,
616 1679 634 1719 a
655 1658 786 1744 vulgata
806 1656 967 1721 librorum
984 1661 1186 1749 scriptorum

133 1763 307 1841 Lectione,
319 1763 382 1826 nisi
398 1777 537 1848 urgente
550 1763 759 1841 necessitate,
773 1784 841 1825 non
856 1784 927 1827 esse
939 1762 1183 1847 recedendum

134 1884 167 1931 et
180 1869 377 1932 Criticorum
392 1889 478 1943 esse,
493 1881 620 1928 textum
635 1865 792 1942 auctoris,
807 1889 874 1931 non
890 1866 998 1953 ipsum
1011 1886 1184 1935 auctorem

133 1970 329 2051 emendare;
348 1971 513 2057 vulgatam
529 1969 738 2047 Lectionem,
756 1968 946 2059 ubicunque
960 1993 980 2033 a
994 1972 1186 2040 Burmanno

132 2080 203 2143 siue
213 2100 326 2143 caussa
334 2076 503 2141 rideretur
513 2098 584 2140 esse
594 2073 759 2162 neglecta,
770 2077 904 2162 reposui
916 2100 923 2138 :
937 2100 1004 2165 quo
1014 2078 1049 2141 in
1059 2103 1184 2166 genere

132 2182 253 2269 passim
269 2181 469 2244 recentiores
485 2177 639 2243 Editores
654 2180 860 2265 praeiverant.
877 2179 1088 2248 Accedebant
1102 2186 1186 2251 Lec-

132 2284 240 2349 tiones
255 2281 387 2348 Codicis
404 2282 542 2360 Perotti,
558 2283 631 2368 qui,
648 2303 667 2343 a
684 2280 844 2347 Dorvillio
859 2283 894 2346 in
908 2285 1001 2349 ltalia
1014 2306 1183 2376 repertus,

131 2388 168 2453 in
181 2410 297 2450 uranus
309 2385 444 2449 deinum
458 2383 611 2449 veniebat
625 2385 818 2463 Burmanni,
833 2385 988 2467 Editione
1001 2387 1101 2481 hujus
1115 2416 1185 2459 ma·

128 2496 210 2585 jori,
223 2516 298 2559 curu
312 2516 401 2557 noro
414 2492 659 2557 Commentario
666 2492 803 2582 jamjam
815 2493 973 2582 impressa
983 2497 1043 2581 (3),
1058 2500 1102 2563 ita
1113 2503 1186 2591 qui·

132 2601 225 2677 dem,
237 2617 275 2666 nt
285 2601 356 2665 viro
369 2599 468 2663 (lucto
481 2621 548 2662 non
559 2598 690 2676 liceret,
702 2600 856 2671 meliores
867 2600 947 2666 dicti
959 2603 1091 2670 Codicis
1103 2609 1185 2675 Lec-

130 2711 238 2775 tiones
259 2709 292 2772 in
312 2730 389 2772 suos
407 2722 536 2769 vertere
558 2727 646 2769 usus.
667 2708 748 2770 Istas
768 2709 868 2794 igitur
885 2710 1077 2793 Lectiones,
1097 2738 1184 2805 quas

127 2813 198 2905 jann
212 2811 291 2877 olim
304 2832 358 2872 me
372 2809 535 2893 recepisse
549 2822 691 2885 constat,
710 2831 859 2898 quasque
872 2834 914 2875 ex
928 2832 1022 2900 parte
1034 2816 1091 2883 alii
1103 2839 1185 2908 post

132 2939 186 2980 me
199 2931 291 2979 erant
303 2910 461 3000 amplexi,
478 2910 555 2973 istas
570 2925 603 2972 et
619 2911 654 2972 in
668 2908 731 2974 hac
744 2910 874 2979 Phaedri
888 2915 1042 2983 Editione
1056 2926 1183 3013 recepi.

132 3026 240 3109 Atque
255 3020 353 3084 etiarn
366 3020 577 3103 Anonymum
587 3015 737 3093 Nilantii,
749 3039 851 3105 quem
862 3018 993 3101 dicunt,
1005 3021 1119 3091 denuo
1133 3028 1187 3093 di·

132 3123 273 3211 ligenter
284 3117 517 3187 excutiendum
527 3140 598 3185 esse
607 3118 764 3207 putabam
775 3145 783 3183 :
796 3120 831 3186 id
841 3122 932 3211 qnod
943 3127 1064 3191 mirum
1072 3130 1184 3199 rideri

133 3241 242 3313 potest
256 3224 395 3299 nemini,
416 3223 473 3311 qni
484 3220 670 3309 ponderare
683 3221 777 3313 velit,
799 3247 873 3313 qnae
888 3228 988 3307 infra,
1006 3231 1040 3293 in
1055 3235 1183 3301 Notitia

132 3332 288 3398 litteraria
299 3330 342 3395 de
356 3330 510 3401 l'haedru,
523 3328 566 3394 de
578 3334 751 3419 Anonyrno
763 3333 825 3397 isto
838 3336 1024 3400 notavimus
1034 3342 1091 3423 (l).
1102 3344 1182 3408 Non

134 3458 246 3527 paneae
260 3435 349 3498 eninr
359 3433 456 3497 buria*
468 3450 555 3497 notae
567 3436 741 3499 Lectiones
753 3434 872 3498 fabulis
884 3436 971 3503 illins
982 3443 1185 3511 confirman-

133 3542 255 3625 tnrlil,
270 3556 303 3603 et
318 3538 437 3627 passim
448 3534 548 3599 habet
560 3537 750 3612 Lectiones,
764 3560 783 3599 a
795 3538 906 3605 multis
919 3542 1101 3631 neglectas,
1118 3551 1180 3615 sed

166 3715 272 3789 (ΜΗ.
285 3734 309 3768 e.
324 3734 348 3765 e„
360 3714 389 3763 l..
401 3712 466 3767 1AE
479 3710 828 3771 lv.6;F.vl,3;F.xssl.
844 3731 889 3773 103
899 3717 927 3767 F.
939 3718 1038 3785 XXlll,
1050 3740 1081 3789 a,
1093 3740 1146 3778 etc.

166 3794 273 3869 (nvn.
286 3794 315 3846 t.
327 3794 352 3849 r,
364 3792 392 3841 r.
404 3792 500 3854 nnn,
512 3791 583 3847 sn..
597 3792 634 3849 n.
645 3792 674 3841 r.
682 3794 730 3851 n,
744 3790 791 3851 13,
801 3793 855 3845 nv.
866 3796 911 3853 rr,
922 3796 992 3863 av,
1002 3799 1052 3865 41,
1064 3816 1091 3853 a
1103 3804 1178 3859 aaut

166 3878 207 3951 (3)
217 3874 315 3931 Laide.
329 3888 408 3943 1:⁸³5·
419 3868 486 3935 'ubl-

165 3956 206 4029 (l)
215 3955 268 4007 [Ἦ
278 3951 330 4005 Vitl-
342 3950 435 4019 script.
448 3945 584 3999 thlrnur
594 3944 766 4006 illustrantes,
778 3952 938 4021 antiquiores
947 3954 998 4005 snb
1008 3955 1058 4009 Iit.
1071 3959 1092 4009 f.

163 4036 207 4107 (5)
220 4036 262 4087 sie
273 4036 352 4086 etiam
364 4031 392 4081 iu
404 4024 466 4077 aab.
484 4026 517 4076 ΙΙΙ
533 4026 663 4097 attenuari
676 4023 771 4097 legiter
779 4026 863 4097 toute
876 4028 1007 4099 imputa„
1019 4032 1082 4087 coll.
1099 4035 1177 4095 rha-

128 4116 180 4181 δή,
194 4118 224 4169 1,
273 4114 301 4165 Ρ,
314 4114 338 4175 1,
352 4108 384 4169 ἃς
395 4106 443 4160 nbi
452 4103 511 4157 title
520 4106 551 4155 Υ.
563 4106 591 4157 l..
604 4118 633 4157 nt
644 4104 747 4161 sumno
758 4122 909 4179 prate-ream
920 4109 980 4163 alia.
