<?xml version="1.0" encoding="UTF-8"?>
<!DOCTYPE html PUBLIC "-//W3C//DTD XHTML 1.0 Transitional//EN"
    "http://www.w3.org/TR/xhtml1/DTD/xhtml1-transitional.dtd">
<html xmlns="http://www.w3.org/1999/xhtml" xml:lang="en" lang="en">
 <head>
  <title>
</title>
<meta http-equiv="Content-Type" content="text/html;charset=utf-8" />
  <meta name='ocr-system' content='tesseract 3.04.00' />
  <meta name='ocr-capabilities' content='ocr_page ocr_carea ocr_par ocr_line ocrx_word'/>
</head>
<body>
  <div class='ocr_page' id='page_1' title='image "bibliothecaclas85lemagoog_0037.png"; bbox 0 0 2648 4822; ppageno 0'>
   <div class='ocr_carea' id='block_1_1' title="bbox 134 372 873 467">
    <p class='ocr_par' dir='ltr' id='par_1_1' title="bbox 134 372 873 467">
     <span class='ocr_line' id='line_1_1' title="bbox 134 372 873 467; baseline -0.001 -27"><span class='ocrx_word' id='word_1_1' title='bbox 134 376 155 440; x_wconf 80' lang='lat' dir='ltr'>s</span> <span class='ocrx_word' id='word_1_2' title='bbox 505 372 780 467; x_wconf 21' lang='lat' dir='ltr'>“rnnrn&#39;rro</span> <span class='ocrx_word' id='word_1_3' title='bbox 870 420 873 427; x_wconf 89' lang='lat'>.</span> 
     </span>
    </p>
   </div>
   <div class='ocr_carea' id='block_1_2' title="bbox 131 511 1183 1872">
    <p class='ocr_par' dir='ltr' id='par_1_2' title="bbox 131 511 1180 790">
     <span class='ocr_line' id='line_1_2' title="bbox 133 511 1180 601; baseline 0.001 -25"><span class='ocrx_word' id='word_1_4' title='bbox 133 512 301 601; x_wconf 84' lang='lat' dir='ltr'>operibus,</span> <span class='ocrx_word' id='word_1_5' title='bbox 320 514 374 578; x_wconf 91' lang='lat' dir='ltr'>vel</span> <span class='ocrx_word' id='word_1_6' title='bbox 392 514 518 599; x_wconf 91' lang='lat' dir='ltr'>scriptis</span> <span class='ocrx_word' id='word_1_7' title='bbox 537 511 733 591; x_wconf 88' lang='lat' dir='ltr'>minoribus,</span> <span class='ocrx_word' id='word_1_8' title='bbox 755 528 904 600; x_wconf 82' lang='lat' dir='ltr'>exparte</span> <span class='ocrx_word' id='word_1_9' title='bbox 925 514 1080 599; x_wconf 88' lang='lat' dir='ltr'>perraris,</span> <span class='ocrx_word' id='word_1_10' title='bbox 1101 514 1180 577; x_wconf 87' lang='lat' dir='ltr'>scie·</span> 
     </span>
     <span class='ocr_line' id='line_1_3' title="bbox 131 616 1178 708; baseline 0.002 -27"><span class='ocrx_word' id='word_1_11' title='bbox 131 616 207 682; x_wconf 90' lang='lat' dir='ltr'>bam</span> <span class='ocrx_word' id='word_1_12' title='bbox 223 618 361 682; x_wconf 82' lang='lat' dir='ltr'>Phaedro</span> <span class='ocrx_word' id='word_1_13' title='bbox 376 617 555 708; x_wconf 86' lang='lat' dir='ltr'>multisque</span> <span class='ocrx_word' id='word_1_14' title='bbox 573 616 758 680; x_wconf 84' lang='lat' dir='ltr'>fabularum</span> <span class='ocrx_word' id='word_1_15' title='bbox 776 617 862 681; x_wconf 91' lang='lat' dir='ltr'>illius</span> <span class='ocrx_word' id='word_1_16' title='bbox 880 616 960 681; x_wconf 87' lang='lat' dir='ltr'>locis</span> <span class='ocrx_word' id='word_1_17' title='bbox 977 616 1087 681; x_wconf 87' lang='lat' dir='ltr'>lucem</span> <span class='ocrx_word' id='word_1_18' title='bbox 1105 640 1178 683; x_wconf 87' lang='lat' dir='ltr'>esse</span> 
     </span>
     <span class='ocr_line' id='line_1_4' title="bbox 131 726 282 790; baseline 0.02 -3"><span class='ocrx_word' id='word_1_19' title='bbox 131 726 282 790; x_wconf 86' lang='lat' dir='ltr'>effusam.</span> 
     </span>
    </p>

    <p class='ocr_par' dir='ltr' id='par_1_3' title="bbox 132 821 1183 1872">
     <span class='ocr_line' id='line_1_5' title="bbox 176 821 1181 923; baseline 0 -25"><span class='ocrx_word' id='word_1_20' title='bbox 176 836 260 898; x_wconf 86' lang='lat' dir='ltr'>Cum</span> <span class='ocrx_word' id='word_1_21' title='bbox 276 831 420 922; x_wconf 89' lang='lat' dir='ltr'>denique</span> <span class='ocrx_word' id='word_1_22' title='bbox 431 833 499 923; x_wconf 86' lang='lat' dir='ltr'>jam</span> <span class='ocrx_word' id='word_1_23' title='bbox 514 834 592 897; x_wconf 89' lang='lat' dir='ltr'>olim</span> <span class='ocrx_word' id='word_1_24' title='bbox 608 857 627 897; x_wconf 89' lang='lat' dir='ltr'>a</span> <span class='ocrx_word' id='word_1_25' title='bbox 646 834 805 898; x_wconf 88' lang='lat' dir='ltr'>Scriverio</span> <span class='ocrx_word' id='word_1_26' title='bbox 823 850 856 898; x_wconf 92' lang='lat' dir='ltr'>et</span> <span class='ocrx_word' id='word_1_27' title='bbox 871 821 1028 912; x_wconf 87' lang='lat' dir='ltr'>Christio,</span> <span class='ocrx_word' id='word_1_28' title='bbox 1050 833 1181 898; x_wconf 85' lang='lat' dir='ltr'>Profes-</span> 
     </span>
     <span class='ocr_line' id='line_1_6' title="bbox 132 940 1178 1029; baseline 0.002 -25"><span class='ocrx_word' id='word_1_29' title='bbox 132 962 205 1004; x_wconf 86' lang='lat' dir='ltr'>sore</span> <span class='ocrx_word' id='word_1_30' title='bbox 217 940 393 1026; x_wconf 84' lang='lat' dir='ltr'>Lipsiensi,</span> <span class='ocrx_word' id='word_1_31' title='bbox 407 957 439 1005; x_wconf 91' lang='lat' dir='ltr'>et</span> <span class='ocrx_word' id='word_1_32' title='bbox 450 942 687 1006; x_wconf 86' lang='lat' dir='ltr'>recentioribus</span> <span class='ocrx_word' id='word_1_33' title='bbox 700 941 903 1029; x_wconf 82' lang='lat' dir='ltr'>temporibus</span> <span class='ocrx_word' id='word_1_34' title='bbox 914 940 1178 1021; x_wconf 85' lang='lat' dir='ltr'>ablarchesello,</span> 
     </span>
     <span class='ocr_line' id='line_1_7' title="bbox 133 1043 1181 1135; baseline 0.002 -29"><span class='ocrx_word' id='word_1_35' title='bbox 133 1043 230 1121; x_wconf 85' lang='lat' dir='ltr'>Italo,</span> <span class='ocrx_word' id='word_1_36' title='bbox 243 1046 379 1119; x_wconf 69' lang='grc' dir='ltr'><strong>γνησιότης</strong></span> <span class='ocrx_word' id='word_1_37' title='bbox 391 1060 424 1108; x_wconf 90' lang='lat' dir='ltr'>et</span> <span class='ocrx_word' id='word_1_38' title='bbox 435 1046 611 1135; x_wconf 84' lang='lat' dir='ltr'>antiquitas</span> <span class='ocrx_word' id='word_1_39' title='bbox 623 1044 752 1109; x_wconf 83' lang='lat' dir='ltr'>Phaedri</span> <span class='ocrx_word' id='word_1_40' title='bbox 764 1045 799 1108; x_wconf 90' lang='lat' dir='ltr'>in</span> <span class='ocrx_word' id='word_1_41' title='bbox 812 1044 951 1108; x_wconf 90' lang='lat' dir='ltr'>dubium</span> <span class='ocrx_word' id='word_1_42' title='bbox 963 1063 1072 1110; x_wconf 89' lang='lat' dir='ltr'>essent</span> <span class='ocrx_word' id='word_1_43' title='bbox 1083 1068 1181 1111; x_wconf 85' lang='lat' dir='ltr'>voca-</span> 
     </span>
     <span class='ocr_line' id='line_1_8' title="bbox 132 1149 1180 1236; baseline 0.006 -24"><span class='ocrx_word' id='word_1_44' title='bbox 132 1160 189 1228; x_wconf 88' lang='lat' dir='ltr'>tae,</span> <span class='ocrx_word' id='word_1_45' title='bbox 209 1149 446 1236; x_wconf 76' lang='lat' dir='ltr'>refragantibus</span> <span class='ocrx_word' id='word_1_46' title='bbox 464 1153 621 1232; x_wconf 86' lang='lat' dir='ltr'>Funccio,</span> <span class='ocrx_word' id='word_1_47' title='bbox 643 1152 807 1233; x_wconf 84' lang='lat' dir='ltr'>Fabricio,</span> <span class='ocrx_word' id='word_1_48' title='bbox 823 1155 990 1231; x_wconf 88' lang='lat' dir='ltr'>Ernestio,</span> <span class='ocrx_word' id='word_1_49' title='bbox 1007 1154 1092 1232; x_wconf 89' lang='lat' dir='ltr'>aliis;</span> <span class='ocrx_word' id='word_1_50' title='bbox 1113 1151 1180 1219; x_wconf 88' lang='lat' dir='ltr'>hoc</span> 
     </span>
     <span class='ocr_line' id='line_1_9' title="bbox 132 1255 1180 1348; baseline 0.006 -30"><span class='ocrx_word' id='word_1_51' title='bbox 132 1255 207 1319; x_wconf 88' lang='lat' dir='ltr'>loco</span> <span class='ocrx_word' id='word_1_52' title='bbox 226 1280 293 1319; x_wconf 90' lang='lat' dir='ltr'>non</span> <span class='ocrx_word' id='word_1_53' title='bbox 314 1257 458 1333; x_wconf 86' lang='lat' dir='ltr'>alienum</span> <span class='ocrx_word' id='word_1_54' title='bbox 478 1282 549 1323; x_wconf 88' lang='lat' dir='ltr'>esse</span> <span class='ocrx_word' id='word_1_55' title='bbox 570 1262 682 1346; x_wconf 86' lang='lat' dir='ltr'>putavi</span> <span class='ocrx_word' id='word_1_56' title='bbox 704 1261 738 1322; x_wconf 87' lang='lat' dir='ltr'>in</span> <span class='ocrx_word' id='word_1_57' title='bbox 758 1259 915 1348; x_wconf 77' lang='lat' dir='ltr'>peculiari</span> <span class='ocrx_word' id='word_1_58' title='bbox 938 1258 1180 1347; x_wconf 82' lang='lat' dir='ltr'>disputatione,</span> 
     </span>
     <span class='ocr_line' id='line_1_10' title="bbox 135 1361 1183 1455; baseline 0.007 -30"><span class='ocrx_word' id='word_1_59' title='bbox 135 1361 174 1425; x_wconf 87' lang='lat' dir='ltr'>de</span> <span class='ocrx_word' id='word_1_60' title='bbox 182 1361 315 1429; x_wconf 67' lang='lat' dir='ltr'>Phaedro</span> <span class='ocrx_word' id='word_1_61' title='bbox 324 1368 520 1455; x_wconf 79' lang='lat' dir='ltr'>antiquitatis</span> <span class='ocrx_word' id='word_1_62' title='bbox 529 1371 693 1453; x_wconf 80' lang='lat' dir='ltr'>scriptore,</span> <span class='ocrx_word' id='word_1_63' title='bbox 705 1388 975 1444; x_wconf 88' lang='lat' dir='ltr'>commemorare,</span> <span class='ocrx_word' id='word_1_64' title='bbox 988 1389 1062 1454; x_wconf 88' lang='lat' dir='ltr'>quae</span> <span class='ocrx_word' id='word_1_65' title='bbox 1072 1390 1091 1429; x_wconf 92' lang='lat' dir='ltr'>a</span> <span class='ocrx_word' id='word_1_66' title='bbox 1101 1367 1183 1432; x_wconf 82' lang='lat' dir='ltr'>viris</span> 
     </span>
     <span class='ocr_line' id='line_1_11' title="bbox 134 1466 1180 1559; baseline 0.004 -29"><span class='ocrx_word' id='word_1_67' title='bbox 134 1466 239 1532; x_wconf 90' lang='lat' dir='ltr'>doctis</span> <span class='ocrx_word' id='word_1_68' title='bbox 258 1467 343 1534; x_wconf 89' lang='lat' dir='ltr'>hanc</span> <span class='ocrx_word' id='word_1_69' title='bbox 362 1471 395 1533; x_wconf 91' lang='lat' dir='ltr'>in</span> <span class='ocrx_word' id='word_1_70' title='bbox 413 1494 484 1534; x_wconf 89' lang='lat' dir='ltr'>rem</span> <span class='ocrx_word' id='word_1_71' title='bbox 501 1470 665 1558; x_wconf 90' lang='lat' dir='ltr'>disputata</span> <span class='ocrx_word' id='word_1_72' title='bbox 685 1488 807 1551; x_wconf 76' lang='lat' dir='ltr'>essent,</span> <span class='ocrx_word' id='word_1_73' title='bbox 829 1472 862 1534; x_wconf 93' lang='lat' dir='ltr'>in</span> <span class='ocrx_word' id='word_1_74' title='bbox 883 1493 949 1559; x_wconf 91' lang='lat' dir='ltr'>quo</span> <span class='ocrx_word' id='word_1_75' title='bbox 968 1472 1013 1534; x_wconf 91' lang='lat' dir='ltr'>ita</span> <span class='ocrx_word' id='word_1_76' title='bbox 1031 1487 1180 1535; x_wconf 89' lang='lat' dir='ltr'>versatus</span> 
     </span>
     <span class='ocr_line' id='line_1_12' title="bbox 133 1574 1180 1666; baseline 0.005 -31"><span class='ocrx_word' id='word_1_77' title='bbox 133 1594 221 1652; x_wconf 90' lang='lat' dir='ltr'>sum,</span> <span class='ocrx_word' id='word_1_78' title='bbox 238 1590 275 1637; x_wconf 92' lang='lat' dir='ltr'>ut</span> <span class='ocrx_word' id='word_1_79' title='bbox 286 1575 402 1654; x_wconf 89' lang='lat' dir='ltr'>multa,</span> <span class='ocrx_word' id='word_1_80' title='bbox 418 1574 556 1640; x_wconf 77' lang='lat' dir='ltr'>Phtcdro</span> <span class='ocrx_word' id='word_1_81' title='bbox 569 1575 900 1666; x_wconf 84' lang='lat' dir='ltr'>objecta,dilucren1,</span> <span class='ocrx_word' id='word_1_82' title='bbox 916 1592 949 1639; x_wconf 88' lang='lat' dir='ltr'>et</span> <span class='ocrx_word' id='word_1_83' title='bbox 960 1577 1180 1662; x_wconf 70' lang='lat' dir='ltr'>argumentiS,</span> 
     </span>
     <span class='ocr_line' id='line_1_13' title="bbox 134 1680 1181 1769; baseline 0.003 -29"><span class='ocrx_word' id='word_1_84' title='bbox 134 1701 173 1741; x_wconf 85' lang='lat' dir='ltr'>ex</span> <span class='ocrx_word' id='word_1_85' title='bbox 187 1694 278 1765; x_wconf 85' lang='lat' dir='ltr'>parte</span> <span class='ocrx_word' id='word_1_86' title='bbox 293 1682 401 1760; x_wconf 83' lang='lat' dir='ltr'>novis,</span> <span class='ocrx_word' id='word_1_87' title='bbox 416 1685 572 1758; x_wconf 72' lang='grc' dir='ltr'>γνησιότητα</span> <span class='ocrx_word' id='word_1_88' title='bbox 585 1699 692 1769; x_wconf 65' lang='lat' dir='ltr'>poetae</span> <span class='ocrx_word' id='word_1_89' title='bbox 705 1698 737 1746; x_wconf 90' lang='lat' dir='ltr'>ct</span> <span class='ocrx_word' id='word_1_90' title='bbox 751 1682 980 1769; x_wconf 84' lang='lat' dir='ltr'>antiquitatem</span> <span class='ocrx_word' id='word_1_91' title='bbox 994 1680 1181 1745; x_wconf 85' lang='lat' dir='ltr'>fabularum</span> 
     </span>
     <span class='ocr_line' id='line_1_14' title="bbox 134 1781 1181 1872; baseline 0.001 -27"><span class='ocrx_word' id='word_1_92' title='bbox 134 1781 408 1866; x_wconf 87' lang='lat' dir='ltr'>demonstrarem;</span> <span class='ocrx_word' id='word_1_93' title='bbox 431 1802 519 1850; x_wconf 89' lang='lat' dir='ltr'>certe</span> <span class='ocrx_word' id='word_1_94' title='bbox 542 1785 765 1866; x_wconf 89' lang='lat' dir='ltr'>ostenderem,</span> <span class='ocrx_word' id='word_1_95' title='bbox 788 1809 855 1849; x_wconf 90' lang='lat' dir='ltr'>non</span> <span class='ocrx_word' id='word_1_96' title='bbox 876 1785 1022 1872; x_wconf 87' lang='lat' dir='ltr'>potuisse</span> <span class='ocrx_word' id='word_1_97' title='bbox 1041 1783 1140 1849; x_wconf 83' lang='lat' dir='ltr'>scribi</span> <span class='ocrx_word' id='word_1_98' title='bbox 1160 1805 1181 1846; x_wconf 91' lang='lat' dir='ltr'>a</span> 
     </span>
    </p>
   </div>
   <div class='ocr_carea' id='block_1_3' title="bbox 133 1892 746 1983">
    <p class='ocr_par' dir='ltr' id='par_1_4' title="bbox 133 1892 746 1983">
     <span class='ocr_line' id='line_1_15' title="bbox 133 1892 746 1983; baseline 0.007 -30"><span class='ocrx_word' id='word_1_99' title='bbox 133 1892 280 1973; x_wconf 87' lang='lat' dir='ltr'>Perotto,</span> <span class='ocrx_word' id='word_1_100' title='bbox 295 1892 550 1983; x_wconf 67' lang='lat' dir='ltr'>archiepiscopo</span> <span class='ocrx_word' id='word_1_101' title='bbox 563 1895 746 1982; x_wconf 88' lang='lat' dir='ltr'>Sipontino.</span> 
     </span>
    </p>
   </div>
   <div class='ocr_carea' id='block_1_4' title="bbox 99 2013 1190 4212">
    <p class='ocr_par' dir='ltr' id='par_1_5' title="bbox 99 2013 1190 4089">
     <span class='ocr_line' id='line_1_16' title="bbox 178 2013 1184 2106; baseline -0.002 -27"><span class='ocrx_word' id='word_1_102' title='bbox 178 2019 328 2081; x_wconf 83' lang='lat' dir='ltr'>Fortasse</span> <span class='ocrx_word' id='word_1_103' title='bbox 341 2034 450 2096; x_wconf 91' lang='lat' dir='ltr'>erunt,</span> <span class='ocrx_word' id='word_1_104' title='bbox 465 2018 585 2106; x_wconf 89' lang='lat' dir='ltr'>quibus</span> <span class='ocrx_word' id='word_1_105' title='bbox 599 2042 659 2106; x_wconf 76' lang='lat' dir='ltr'>ego</span> <span class='ocrx_word' id='word_1_106' title='bbox 674 2020 708 2082; x_wconf 91' lang='lat' dir='ltr'>in</span> <span class='ocrx_word' id='word_1_107' title='bbox 721 2018 832 2081; x_wconf 90' lang='lat' dir='ltr'>multis</span> <span class='ocrx_word' id='word_1_108' title='bbox 846 2015 944 2106; x_wconf 85' lang='lat' dir='ltr'>hujus</span> <span class='ocrx_word' id='word_1_109' title='bbox 958 2015 1121 2080; x_wconf 88' lang='lat' dir='ltr'>Editionis</span> <span class='ocrx_word' id='word_1_110' title='bbox 1135 2013 1184 2078; x_wconf 89' lang='lat' dir='ltr'>lo-</span> 
     </span>
     <span class='ocr_line' id='line_1_17' title="bbox 136 2120 1182 2212; baseline 0 -30"><span class='ocrx_word' id='word_1_111' title='bbox 136 2122 182 2184; x_wconf 88' lang='lat' dir='ltr'>eis</span> <span class='ocrx_word' id='word_1_112' title='bbox 195 2123 314 2185; x_wconf 88' lang='lat' dir='ltr'>nimius</span> <span class='ocrx_word' id='word_1_113' title='bbox 328 2139 361 2185; x_wconf 91' lang='lat' dir='ltr'>et</span> <span class='ocrx_word' id='word_1_114' title='bbox 368 2123 459 2212; x_wconf 89' lang='lat' dir='ltr'>justo</span> <span class='ocrx_word' id='word_1_115' title='bbox 473 2124 604 2210; x_wconf 75' lang='lat' dir='ltr'>longior</span> <span class='ocrx_word' id='word_1_116' title='bbox 617 2124 718 2187; x_wconf 85' lang='lat' dir='ltr'>fuisse</span> <span class='ocrx_word' id='word_1_117' title='bbox 731 2121 857 2201; x_wconf 73' lang='lat' dir='ltr'>videar,</span> <span class='ocrx_word' id='word_1_118' title='bbox 872 2138 905 2185; x_wconf 86' lang='lat' dir='ltr'>at</span> <span class='ocrx_word' id='word_1_119' title='bbox 920 2121 1131 2191; x_wconf 83' lang='lat' dir='ltr'>meminerint</span> <span class='ocrx_word' id='word_1_120' title='bbox 1142 2120 1182 2199; x_wconf 93' lang='lat' dir='ltr'>ii,</span> 
     </span>
     <span class='ocr_line' id='line_1_18' title="bbox 135 2226 1184 2317; baseline 0 -29"><span class='ocrx_word' id='word_1_121' title='bbox 135 2230 343 2314; x_wconf 87' lang='lat' dir='ltr'>propositum</span> <span class='ocrx_word' id='word_1_122' title='bbox 353 2228 433 2292; x_wconf 90' lang='lat' dir='ltr'>mihi</span> <span class='ocrx_word' id='word_1_123' title='bbox 446 2230 561 2308; x_wconf 86' lang='lat' dir='ltr'>fuisse,</span> <span class='ocrx_word' id='word_1_124' title='bbox 573 2233 607 2294; x_wconf 92' lang='lat' dir='ltr'>in</span> <span class='ocrx_word' id='word_1_125' title='bbox 617 2231 733 2317; x_wconf 73' lang='lat' dir='ltr'>vulgus</span> <span class='ocrx_word' id='word_1_126' title='bbox 747 2229 845 2293; x_wconf 89' lang='lat' dir='ltr'>edere</span> <span class='ocrx_word' id='word_1_127' title='bbox 857 2229 1041 2315; x_wconf 88' lang='lat' dir='ltr'>pleniorem</span> <span class='ocrx_word' id='word_1_128' title='bbox 1053 2226 1184 2313; x_wconf 79' lang='lat' dir='ltr'>elegan-</span> 
     </span>
     <span class='ocr_line' id='line_1_19' title="bbox 136 2328 1183 2422; baseline -0.003 -27"><span class='ocrx_word' id='word_1_129' title='bbox 136 2332 251 2396; x_wconf 88' lang='lat' dir='ltr'>tissimi</span> <span class='ocrx_word' id='word_1_130' title='bbox 270 2350 377 2419; x_wconf 81' lang='lat' dir='ltr'>poetoe</span> <span class='ocrx_word' id='word_1_131' title='bbox 397 2333 591 2413; x_wconf 86' lang='lat' dir='ltr'>editionem,</span> <span class='ocrx_word' id='word_1_132' title='bbox 614 2336 729 2422; x_wconf 85' lang='lat' dir='ltr'>inqua</span> <span class='ocrx_word' id='word_1_133' title='bbox 749 2334 794 2396; x_wconf 88' lang='lat' dir='ltr'>nil</span> <span class='ocrx_word' id='word_1_134' title='bbox 814 2332 1069 2409; x_wconf 86' lang='lat' dir='ltr'>desideraretur,</span> <span class='ocrx_word' id='word_1_135' title='bbox 1090 2328 1183 2417; x_wconf 90' lang='lat' dir='ltr'>quod</span> 
     </span>
     <span class='ocr_line' id='line_1_20' title="bbox 136 2435 1187 2528; baseline -0.001 -27"><span class='ocrx_word' id='word_1_136' title='bbox 136 2437 256 2503; x_wconf 83' lang='lat' dir='ltr'>abhinc</span> <span class='ocrx_word' id='word_1_137' title='bbox 270 2441 363 2503; x_wconf 86' lang='lat' dir='ltr'>annis</span> <span class='ocrx_word' id='word_1_138' title='bbox 378 2442 456 2504; x_wconf 88' lang='lat' dir='ltr'>CCC</span> <span class='ocrx_word' id='word_1_139' title='bbox 471 2457 504 2502; x_wconf 90' lang='lat' dir='ltr'>et</span> <span class='ocrx_word' id='word_1_140' title='bbox 520 2440 610 2528; x_wconf 87' lang='lat' dir='ltr'>quod</span> <span class='ocrx_word' id='word_1_141' title='bbox 626 2442 780 2517; x_wconf 86' lang='lat' dir='ltr'>excurrit,</span> <span class='ocrx_word' id='word_1_142' title='bbox 795 2463 814 2502; x_wconf 88' lang='lat' dir='ltr'>a</span> <span class='ocrx_word' id='word_1_143' title='bbox 828 2441 905 2503; x_wconf 86' lang='lat' dir='ltr'>viris</span> <span class='ocrx_word' id='word_1_144' title='bbox 919 2437 1024 2502; x_wconf 85' lang='lat' dir='ltr'>doctis</span> <span class='ocrx_word' id='word_1_145' title='bbox 1037 2436 1079 2500; x_wconf 92' lang='lat' dir='ltr'>de</span> <span class='ocrx_word' id='word_1_146' title='bbox 1092 2435 1187 2500; x_wconf 84' lang='lat' dir='ltr'>Phae·</span> 
     </span>
     <span class='ocr_line' id='line_1_21' title="bbox 138 2545 1185 2635; baseline -0.001 -27"><span class='ocrx_word' id='word_1_147' title='bbox 138 2546 199 2609; x_wconf 90' lang='lat' dir='ltr'>dro</span> <span class='ocrx_word' id='word_1_148' title='bbox 210 2563 242 2610; x_wconf 92' lang='lat' dir='ltr'>ct</span> <span class='ocrx_word' id='word_1_149' title='bbox 252 2548 285 2609; x_wconf 93' lang='lat' dir='ltr'>in</span> <span class='ocrx_word' id='word_1_150' title='bbox 293 2545 468 2609; x_wconf 80' lang='lat' dir='ltr'>Plroedrum</span> <span class='ocrx_word' id='word_1_151' title='bbox 477 2546 613 2635; x_wconf 84' lang='lat' dir='ltr'>ejusque</span> <span class='ocrx_word' id='word_1_152' title='bbox 622 2546 746 2610; x_wconf 86' lang='lat' dir='ltr'>fabulas</span> <span class='ocrx_word' id='word_1_153' title='bbox 756 2547 913 2633; x_wconf 86' lang='lat' dir='ltr'>scriptum</span> <span class='ocrx_word' id='word_1_154' title='bbox 922 2546 1185 2630; x_wconf 80' lang='lat' dir='ltr'>excogitatumve</span> 
     </span>
     <span class='ocr_line' id='line_1_22' title="bbox 137 2645 1186 2738; baseline -0.001 -25"><span class='ocrx_word' id='word_1_155' title='bbox 137 2652 214 2729; x_wconf 87' lang='lat' dir='ltr'>fuit,</span> <span class='ocrx_word' id='word_1_156' title='bbox 230 2649 271 2714; x_wconf 89' lang='lat' dir='ltr'>ad</span> <span class='ocrx_word' id='word_1_157' title='bbox 288 2666 418 2738; x_wconf 87' lang='lat' dir='ltr'>poetam</span> <span class='ocrx_word' id='word_1_158' title='bbox 436 2650 489 2713; x_wconf 86' lang='lat' dir='ltr'>vel</span> <span class='ocrx_word' id='word_1_159' title='bbox 504 2649 762 2730; x_wconf 88' lang='lat' dir='ltr'>emendandum,</span> <span class='ocrx_word' id='word_1_160' title='bbox 779 2650 831 2713; x_wconf 79' lang='lat' dir='ltr'>vel</span> <span class='ocrx_word' id='word_1_161' title='bbox 848 2645 1133 2735; x_wconf 83' lang='lat' dir='ltr'>interpretandum</span> <span class='ocrx_word' id='word_1_162' title='bbox 1151 2664 1186 2712; x_wconf 91' lang='lat' dir='ltr'>et</span> 
     </span>
     <span class='ocr_line' id='line_1_23' title="bbox 137 2753 1187 2842; baseline -0.003 -24"><span class='ocrx_word' id='word_1_163' title='bbox 137 2754 381 2833; x_wconf 73' lang='lat' dir='ltr'>illustrandum,</span> <span class='ocrx_word' id='word_1_164' title='bbox 396 2757 421 2818; x_wconf 90' lang='lat' dir='ltr'>si</span> <span class='ocrx_word' id='word_1_165' title='bbox 434 2753 679 2842; x_wconf 83' lang='lat' dir='ltr'>tauren&#39;aliquid</span> <span class='ocrx_word' id='word_1_166' title='bbox 696 2755 855 2818; x_wconf 84' lang='lat' dir='ltr'>momenti</span> <span class='ocrx_word' id='word_1_167' title='bbox 868 2753 1018 2831; x_wconf 86' lang='lat' dir='ltr'>haberet,</span> <span class='ocrx_word' id='word_1_168' title='bbox 1032 2769 1064 2816; x_wconf 86' lang='lat' dir='ltr'>et</span> <span class='ocrx_word' id='word_1_169' title='bbox 1074 2753 1187 2841; x_wconf 88' lang='lat' dir='ltr'>aliqua</span> 
     </span>
     <span class='ocr_line' id='line_1_24' title="bbox 139 2856 1187 2948; baseline -0.003 -23"><span class='ocrx_word' id='word_1_170' title='bbox 139 2878 282 2948; x_wconf 84' lang='lat' dir='ltr'>exparte</span> <span class='ocrx_word' id='word_1_171' title='bbox 296 2859 465 2924; x_wconf 89' lang='lat' dir='ltr'>videretur</span> <span class='ocrx_word' id='word_1_172' title='bbox 479 2860 568 2923; x_wconf 93' lang='lat' dir='ltr'>utile.</span> <span class='ocrx_word' id='word_1_173' title='bbox 584 2862 700 2947; x_wconf 74' lang='lat' dir='ltr'>h&#39;eque</span> <span class='ocrx_word' id='word_1_174' title='bbox 716 2861 813 2922; x_wconf 83' lang='lat' dir='ltr'>etiarn</span> <span class='ocrx_word' id='word_1_175' title='bbox 827 2876 889 2937; x_wconf 88' lang='lat' dir='ltr'>est,</span> <span class='ocrx_word' id='word_1_176' title='bbox 906 2856 996 2947; x_wconf 90' lang='lat' dir='ltr'>quod</span> <span class='ocrx_word' id='word_1_177' title='bbox 1012 2859 1085 2945; x_wconf 90' lang='lat' dir='ltr'>quis</span> <span class='ocrx_word' id='word_1_178' title='bbox 1102 2857 1187 2947; x_wconf 87' lang='lat' dir='ltr'>obji-</span> 
     </span>
     <span class='ocr_line' id='line_1_25' title="bbox 139 2965 1187 3055; baseline -0.003 -23"><span class='ocrx_word' id='word_1_179' title='bbox 139 2969 216 3047; x_wconf 90' lang='lat' dir='ltr'>ciat,</span> <span class='ocrx_word' id='word_1_180' title='bbox 230 2991 297 3032; x_wconf 93' lang='lat' dir='ltr'>non</span> <span class='ocrx_word' id='word_1_181' title='bbox 309 2990 412 3055; x_wconf 85' lang='lat' dir='ltr'>pauca</span> <span class='ocrx_word' id='word_1_182' title='bbox 425 2968 594 3031; x_wconf 89' lang='lat' dir='ltr'>continere</span> <span class='ocrx_word' id='word_1_183' title='bbox 610 2965 789 3030; x_wconf 88' lang='lat' dir='ltr'>editionem</span> <span class='ocrx_word' id='word_1_184' title='bbox 802 2983 962 3043; x_wconf 84' lang='lat' dir='ltr'>nostram,</span> <span class='ocrx_word' id='word_1_185' title='bbox 975 2965 1095 3054; x_wconf 89' lang='lat' dir='ltr'>quibus</span> <span class='ocrx_word' id='word_1_186' title='bbox 1106 2966 1187 3029; x_wconf 86' lang='lat' dir='ltr'>artis</span> 
     </span>
     <span class='ocr_line' id='line_1_26' title="bbox 139 3070 1189 3165; baseline -0.004 -27"><span class='ocrx_word' id='word_1_187' title='bbox 139 3078 259 3139; x_wconf 87' lang='lat' dir='ltr'>criticae</span> <span class='ocrx_word' id='word_1_188' title='bbox 275 3077 373 3164; x_wconf 91' lang='lat' dir='ltr'>periti</span> <span class='ocrx_word' id='word_1_189' title='bbox 391 3076 513 3165; x_wconf 88' lang='lat' dir='ltr'>aliique</span> <span class='ocrx_word' id='word_1_190' title='bbox 528 3090 626 3137; x_wconf 77' lang='lat' dir='ltr'>vastae</span> <span class='ocrx_word' id='word_1_191' title='bbox 644 3073 838 3138; x_wconf 90' lang='lat' dir='ltr'>eruditionis</span> <span class='ocrx_word' id='word_1_192' title='bbox 855 3070 1006 3137; x_wconf 85' lang='lat' dir='ltr'>homines</span> <span class='ocrx_word' id='word_1_193' title='bbox 1023 3071 1118 3135; x_wconf 87' lang='lat' dir='ltr'>facile</span> <span class='ocrx_word' id='word_1_194' title='bbox 1139 3095 1189 3135; x_wconf 88' lang='lat' dir='ltr'>ca·</span> 
     </span>
     <span class='ocr_line' id='line_1_27' title="bbox 139 3180 1190 3271; baseline 0 -28"><span class='ocrx_word' id='word_1_195' title='bbox 139 3204 211 3244; x_wconf 89' lang='lat' dir='ltr'>rere</span> <span class='ocrx_word' id='word_1_196' title='bbox 226 3184 361 3268; x_wconf 84' lang='lat' dir='ltr'>possint.</span> <span class='ocrx_word' id='word_1_197' title='bbox 375 3186 499 3247; x_wconf 80' lang='lat' dir='ltr'>Verum</span> <span class='ocrx_word' id='word_1_198' title='bbox 512 3184 601 3246; x_wconf 91' lang='lat' dir='ltr'>enim</span> <span class='ocrx_word' id='word_1_199' title='bbox 613 3205 691 3245; x_wconf 75' lang='lat' dir='ltr'>vero</span> <span class='ocrx_word' id='word_1_200' title='bbox 698 3180 767 3271; x_wconf 85' lang='lat' dir='ltr'>jam</span> <span class='ocrx_word' id='word_1_201' title='bbox 778 3203 875 3269; x_wconf 91' lang='lat' dir='ltr'>supra</span> <span class='ocrx_word' id='word_1_202' title='bbox 885 3181 1013 3257; x_wconf 89' lang='lat' dir='ltr'>monui,</span> <span class='ocrx_word' id='word_1_203' title='bbox 1028 3202 1080 3241; x_wconf 82' lang='lat' dir='ltr'>ine</span> <span class='ocrx_word' id='word_1_204' title='bbox 1091 3180 1190 3243; x_wconf 88' lang='lat' dir='ltr'>ratio·</span> 
     </span>
     <span class='ocr_line' id='line_1_28' title="bbox 140 3286 1190 3376; baseline 0 -29"><span class='ocrx_word' id='word_1_205' title='bbox 140 3286 235 3349; x_wconf 90' lang='lat' dir='ltr'>nibus</span> <span class='ocrx_word' id='word_1_206' title='bbox 249 3289 455 3374; x_wconf 86' lang='lat' dir='ltr'>potissimum</span> <span class='ocrx_word' id='word_1_207' title='bbox 471 3290 700 3376; x_wconf 78' lang='lat' dir='ltr'>magistrorum</span> <span class='ocrx_word' id='word_1_208' title='bbox 715 3286 900 3351; x_wconf 89' lang='lat' dir='ltr'>scholarum</span> <span class='ocrx_word' id='word_1_209' title='bbox 914 3286 1057 3349; x_wconf 82' lang='lat' dir='ltr'>voluisse</span> <span class='ocrx_word' id='word_1_210' title='bbox 1070 3307 1190 3348; x_wconf 90' lang='lat' dir='ltr'>consu·</span> 
     </span>
     <span class='ocr_line' id='line_1_29' title="bbox 136 3393 1188 3481; baseline 0 -25"><span class='ocrx_word' id='word_1_211' title='bbox 136 3393 221 3471; x_wconf 90' lang='lat' dir='ltr'>lere,</span> <span class='ocrx_word' id='word_1_212' title='bbox 237 3417 377 3481; x_wconf 88' lang='lat' dir='ltr'>qnorum</span> <span class='ocrx_word' id='word_1_213' title='bbox 394 3396 514 3460; x_wconf 89' lang='lat' dir='ltr'>multos</span> <span class='ocrx_word' id='word_1_214' title='bbox 528 3396 694 3460; x_wconf 85' lang='lat' dir='ltr'>laboribus</span> <span class='ocrx_word' id='word_1_215' title='bbox 707 3394 907 3459; x_wconf 88' lang='lat' dir='ltr'>scholasticis</span> <span class='ocrx_word' id='word_1_216' title='bbox 920 3395 963 3457; x_wconf 89' lang='lat' dir='ltr'>itu</span> <span class='ocrx_word' id='word_1_217' title='bbox 976 3408 1103 3457; x_wconf 89' lang='lat' dir='ltr'>constat</span> <span class='ocrx_word' id='word_1_218' title='bbox 1115 3414 1188 3456; x_wconf 88' lang='lat' dir='ltr'>esse</span> 
     </span>
     <span class='ocr_line' id='line_1_30' title="bbox 99 3500 1190 3590; baseline -0.001 -28"><span class='ocrx_word' id='word_1_219' title='bbox 99 3506 100 3510; x_wconf 75' lang='grc'>’</span> <span class='ocrx_word' id='word_1_220' title='bbox 140 3500 290 3578; x_wconf 87' lang='lat' dir='ltr'>obrutos,</span> <span class='ocrx_word' id='word_1_221' title='bbox 307 3516 343 3562; x_wconf 91' lang='lat' dir='ltr'>ut</span> <span class='ocrx_word' id='word_1_222' title='bbox 355 3500 393 3564; x_wconf 89' lang='lat' dir='ltr'>iis</span> <span class='ocrx_word' id='word_1_223' title='bbox 409 3524 547 3588; x_wconf 92' lang='lat' dir='ltr'>operose</span> <span class='ocrx_word' id='word_1_224' title='bbox 561 3526 754 3590; x_wconf 78' lang='lat' dir='ltr'>congerere,</span> <span class='ocrx_word' id='word_1_225' title='bbox 770 3525 845 3590; x_wconf 86' lang='lat' dir='ltr'>quae</span> <span class='ocrx_word' id='word_1_226' title='bbox 858 3500 899 3565; x_wconf 87' lang='lat' dir='ltr'>ad</span> <span class='ocrx_word' id='word_1_227' title='bbox 915 3501 1093 3589; x_wconf 80' lang='lat' dir='ltr'>lectionem</span> <span class='ocrx_word' id='word_1_228' title='bbox 1107 3500 1190 3586; x_wconf 93' lang='lat' dir='ltr'>pris·</span> 
     </span>
     <span class='ocr_line' id='line_1_31' title="bbox 140 3604 1189 3693; baseline -0.001 -26"><span class='ocrx_word' id='word_1_229' title='bbox 140 3627 255 3667; x_wconf 90' lang='lat' dir='ltr'>corum</span> <span class='ocrx_word' id='word_1_230' title='bbox 274 3606 469 3691; x_wconf 86' lang='lat' dir='ltr'>scriptorum</span> <span class='ocrx_word' id='word_1_231' title='bbox 488 3628 570 3693; x_wconf 91' lang='lat' dir='ltr'>opus</span> <span class='ocrx_word' id='word_1_232' title='bbox 588 3609 667 3685; x_wconf 88' lang='lat' dir='ltr'>sint,</span> <span class='ocrx_word' id='word_1_233' title='bbox 684 3629 744 3669; x_wconf 88' lang='lat' dir='ltr'>nec</span> <span class='ocrx_word' id='word_1_234' title='bbox 759 3622 866 3684; x_wconf 77' lang='lat' dir='ltr'>vacet,</span> <span class='ocrx_word' id='word_1_235' title='bbox 885 3629 947 3669; x_wconf 92' lang='lat' dir='ltr'>nec</span> <span class='ocrx_word' id='word_1_236' title='bbox 960 3604 1071 3669; x_wconf 90' lang='lat' dir='ltr'>libeat.</span> <span class='ocrx_word' id='word_1_237' title='bbox 1088 3604 1189 3667; x_wconf 92' lang='lat' dir='ltr'>llisce</span> 
     </span>
     <span class='ocr_line' id='line_1_32' title="bbox 140 3694 1189 3801; baseline -0.002 -25"><span class='ocrx_word' id='word_1_238' title='bbox 140 3734 201 3799; x_wconf 69' lang='lat' dir='ltr'>ego</span> <span class='ocrx_word' id='word_1_239' title='bbox 209 3728 397 3799; x_wconf 75' lang='lat' dir='ltr'>pergratum</span> <span class='ocrx_word' id='word_1_240' title='bbox 405 3735 458 3775; x_wconf 89' lang='lat' dir='ltr'>me</span> <span class='ocrx_word' id='word_1_241' title='bbox 467 3714 630 3777; x_wconf 85' lang='lat' dir='ltr'>facturum</span> <span class='ocrx_word' id='word_1_242' title='bbox 639 3738 708 3779; x_wconf 88' lang='lat' dir='ltr'>esse</span> <span class='ocrx_word' id='word_1_243' title='bbox 717 3694 887 3801; x_wconf 84' lang='lat' dir='ltr'>putabam,</span> <span class='ocrx_word' id='word_1_244' title='bbox 902 3715 928 3777; x_wconf 93' lang='lat' dir='ltr'>si</span> <span class='ocrx_word' id='word_1_245' title='bbox 937 3735 1071 3801; x_wconf 89' lang='lat' dir='ltr'>operam</span> <span class='ocrx_word' id='word_1_246' title='bbox 1079 3734 1189 3774; x_wconf 90' lang='lat' dir='ltr'>meam</span> 
     </span>
     <span class='ocr_line' id='line_1_33' title="bbox 141 3816 1190 3907; baseline 0.002 -29"><span class='ocrx_word' id='word_1_247' title='bbox 141 3816 174 3879; x_wconf 88' lang='lat' dir='ltr'>in</span> <span class='ocrx_word' id='word_1_248' title='bbox 188 3839 227 3879; x_wconf 92' lang='lat' dir='ltr'>eu</span> <span class='ocrx_word' id='word_1_249' title='bbox 242 3838 415 3903; x_wconf 79' lang='lat' dir='ltr'>ponerem,</span> <span class='ocrx_word' id='word_1_250' title='bbox 431 3833 467 3879; x_wconf 94' lang='lat' dir='ltr'>ut</span> <span class='ocrx_word' id='word_1_251' title='bbox 479 3819 512 3879; x_wconf 91' lang='lat' dir='ltr'>in</span> <span class='ocrx_word' id='word_1_252' title='bbox 524 3835 657 3903; x_wconf 89' lang='lat' dir='ltr'>promtu</span> <span class='ocrx_word' id='word_1_253' title='bbox 670 3819 708 3881; x_wconf 91' lang='lat' dir='ltr'>iis</span> <span class='ocrx_word' id='word_1_254' title='bbox 722 3835 820 3898; x_wconf 90' lang='lat' dir='ltr'>esset,</span> <span class='ocrx_word' id='word_1_255' title='bbox 837 3818 995 3907; x_wconf 88' lang='lat' dir='ltr'>quicquid</span> <span class='ocrx_word' id='word_1_256' title='bbox 1005 3818 1190 3904; x_wconf 91' lang='lat' dir='ltr'>pertineret</span> 
     </span>
     <span class='ocr_line' id='line_1_34' title="bbox 136 3921 1190 4014; baseline -0.002 -27"><span class='ocrx_word' id='word_1_257' title='bbox 136 3922 180 3987; x_wconf 86' lang='lat' dir='ltr'>ad</span> <span class='ocrx_word' id='word_1_258' title='bbox 194 3921 368 3986; x_wconf 84' lang='lat' dir='ltr'>Phaedrum</span> <span class='ocrx_word' id='word_1_259' title='bbox 380 3922 433 3987; x_wconf 90' lang='lat' dir='ltr'>vel</span> <span class='ocrx_word' id='word_1_260' title='bbox 444 3923 710 4011; x_wconf 75' lang='lat' dir='ltr'>intelligendum,</span> <span class='ocrx_word' id='word_1_261' title='bbox 726 3927 778 3989; x_wconf 88' lang='lat' dir='ltr'>vel</span> <span class='ocrx_word' id='word_1_262' title='bbox 789 3924 1019 4014; x_wconf 86' lang='lat' dir='ltr'>explicandum</span> <span class='ocrx_word' id='word_1_263' title='bbox 1032 3939 1065 3988; x_wconf 89' lang='lat' dir='ltr'>et</span> <span class='ocrx_word' id='word_1_264' title='bbox 1077 3944 1190 3986; x_wconf 89' lang='lat' dir='ltr'>emen·</span> 
     </span>
     <span class='ocr_line' id='line_1_35' title="bbox 139 4025 298 4089; baseline 0 0"><span class='ocrx_word' id='word_1_265' title='bbox 139 4025 298 4089; x_wconf 89' lang='lat' dir='ltr'>dandum.</span> 
     </span>
    </p>

    <p class='ocr_par' dir='ltr' id='par_1_6' title="bbox 184 4131 1189 4212">
     <span class='ocr_line' id='line_1_36' title="bbox 184 4131 1189 4212; baseline 0.002 -18"><span class='ocrx_word' id='word_1_266' title='bbox 184 4131 309 4212; x_wconf 88' lang='lat' dir='ltr'>Restat,</span> <span class='ocrx_word' id='word_1_267' title='bbox 331 4146 368 4195; x_wconf 85' lang='lat' dir='ltr'>ut</span> <span class='ocrx_word' id='word_1_268' title='bbox 389 4131 474 4196; x_wconf 87' lang='lat' dir='ltr'>Viris</span> <span class='ocrx_word' id='word_1_269' title='bbox 496 4131 696 4211; x_wconf 84' lang='lat' dir='ltr'>Illustribus,</span> <span class='ocrx_word' id='word_1_270' title='bbox 720 4131 1023 4212; x_wconf 81' lang='lat' dir='ltr'>Excellentissirnis,</span> <span class='ocrx_word' id='word_1_271' title='bbox 1045 4133 1189 4197; x_wconf 75' lang='lat' dir='ltr'>Clarissi-</span> 
     </span>
    </p>
   </div>
   <div class='ocr_carea' id='block_1_5' title="bbox 0 0 1337 4822">
    <p class='ocr_par' dir='ltr' id='par_1_7' title="bbox 0 0 1337 4822">
     <span class='ocr_line' id='line_1_37' title="bbox 0 0 1337 4822; baseline 0 0"><span class='ocrx_word' id='word_1_272' title='bbox 0 0 1337 4822; x_wconf 95' lang='lat' dir='ltr'> </span> 
     </span>
    </p>
   </div>
  </div>
 </body>
</html>
