2648 4822
439 394 469 464 l.
494 400 534 465 G.
558 394 869 463 S.Sc}1WA1311.
1158 398 1176 462 5

135 544 231 609 etiam
251 538 313 607 sub
334 538 435 604 linem
456 539 630 631 cujuslibet
650 536 768 602 fabulae
787 539 954 602 nominavi
973 555 1101 625 poetaS,
1120 542 1176 629 qui

134 649 284 716 eamdem
297 665 430 712 narrant
443 647 603 725 fabulam,
617 648 685 711 sive
700 663 808 710 essent
822 646 1039 733 antiquiores,
1053 647 1120 709 sive
1132 669 1178 709 re·

133 759 310 834 centiores,
325 754 360 819 id
375 752 465 844 quod
481 753 703 818 existimabam
716 753 827 816 multis
842 768 1029 840 pergratum
1044 774 1115 815 esse
1129 752 1179 815 fu·

133 858 254 925 turum.
267 861 355 924 Loca
366 858 477 946 paullo
489 856 675 921 difficiliora
684 855 725 919 ad
737 855 986 942 intelligendum
997 872 1029 918 et
1039 855 1177 919 obscura

133 965 316 1054 explanavi,
332 965 391 1041 ita,
407 979 444 1027 ut
458 984 534 1025 cum
549 984 815 1050 unamquamque
830 960 973 1024 fabulam
988 962 1179 1048 interpreta-

134 1084 184 1133 tus
194 1091 316 1146 essem,
328 1069 470 1154 optimos
480 1067 679 1154 Interpretcs
690 1065 910 1143 consulerem,
923 1087 1104 1152 eorumque
1114 1064 1178 1151 pla·

134 1179 194 1243 cita
206 1179 242 1241 iri
254 1198 346 1240 meos
360 1191 522 1238 verterem
537 1196 630 1253 usus,
647 1174 764 1261 saepius
780 1173 914 1236 retentis
927 1173 1004 1258 ipsis
1018 1173 1179 1258 Interpre-

135 1296 202 1344 tum
218 1278 338 1343 verbis
356 1281 477 1342 Praeter
488 1276 708 1355 Schefferum,
726 1278 967 1363 Heusingerum
980 1293 1012 1340 et
1026 1280 1178 1340 Burman·

134 1406 227 1463 num,
238 1382 359 1471 quibus
369 1383 472 1445 multa
482 1381 603 1460 debeo,
614 1382 772 1469 aliosque,
784 1403 867 1469 quos
876 1381 929 1445 vel
940 1383 973 1445 in
983 1382 1176 1445 Praefatione

136 1490 172 1554 ad
185 1493 220 1554 P.
235 1492 299 1570 lll,
315 1487 444 1553 Phaedri
458 1513 490 1577 p.
507 1509 553 1569 w,
568 1489 620 1552 vel
633 1491 666 1552 in
682 1486 774 1552 Notis
787 1487 885 1578 hujus
897 1487 1178 1553 Editiouislauda·

136 1599 177 1678 vi,
195 1595 391 1661 nominandi
409 1613 485 1660 sunt
499 1595 532 1660 h.
547 1596 569 1660 l.
590 1595 811 1660 Desbillonius
827 1612 859 1659 et
875 1596 923 1660 Cl.
938 1596 1176 1672 Tzsclruckius,

137 1723 276 1789 quorum
294 1699 464 1766 Editiones
478 1700 559 1765 mihi
579 1702 671 1765 fuere
688 1702 859 1789 perutiles,
880 1719 917 1764 ut
932 1704 1177 1790 praetermittam
1197 1758 1200 1763 .

136 1807 223 1887 alias,
237 1808 272 1869 in
284 1808 407 1870 Notitia
416 1807 571 1869 litteraria
582 1805 622 1869 de
633 1804 772 1870 Phaedro
784 1806 940 1870 laudatas.
953 1809 1069 1893 Neque
1079 1802 1177 1868 laude

136 1932 188 1974 sua
202 1908 423 1975 delraudandi
443 1926 518 1973 sunt
535 1912 694 1973 Censores
715 1909 834 1974 eruditi
852 1911 973 1999 aliique
992 1912 1053 1973 viri
1073 1906 1176 1985 docti,

136 2021 188 2104 qui
204 2016 259 2081 vel
276 2018 403 2103 scriptis
419 2016 616 2094 minoribuS,
635 2015 817 2103 iisdemque
831 2017 986 2104 penariS,
1001 2012 1176 2079 Phaedrum

135 2123 385 2202 illustraverant,
406 2122 458 2186 vel
475 2145 493 2183 a
511 2121 631 2209 quibus
650 2124 818 2199 Censurae,
839 2120 880 2185 ad
898 2121 1073 2185 Phaedrum
1088 2144 1177 2209 spec·
1262 2128 1264 2133 '

134 2244 251 2308 tantes,
267 2229 384 2292 Diariis
398 2227 562 2291 litterariis
576 2227 706 2290 fuerant
719 2228 848 2289 insertae
861 2227 919 2310 (1),
941 2250 958 2290 e
974 2227 1094 2315 quibus
1109 2250 1177 2291 om·

133 2334 227 2398 nibus
247 2335 422 2398 utilitatem
441 2334 523 2420 cepi.
544 2334 696 2420 Inprimis
715 2333 876 2395 rationem
892 2334 1075 2397 Latinitatis
1089 2333 1166 2397 Phae

132 2440 181 2505 dri
190 2441 308 2520 habui,
323 2439 407 2504 adeo
417 2457 530 2503 utnon
542 2440 649 2504 solum
659 2440 853 2525 elegantiam
864 2456 895 2503 et
905 2442 972 2502 vim
982 2441 1173 2519 verborum,

132 2568 224 2634 aeque
245 2568 284 2609 ac
307 2546 515 2608 Latinitatem
537 2542 759 2621 ostenderem,
784 2560 816 2607 et
840 2567 880 2606 ex
901 2544 971 2607 aliis
992 2548 1174 2632 priscorum

131 2652 328 2738 scriptorum
347 2650 427 2713 locis
446 2648 642 2711 illustrarem
661 2664 694 2711 et
711 2645 925 2728 vindicarem3
949 2651 1175 2712 verumetiam

131 2774 297 2846 quaesunt
314 2758 349 2820 in
365 2755 502 2819 Phaedro
519 2756 708 2842 singularia,
728 2778 871 2819 necnon
887 2755 1088 2835 Idiotismos,
1103 2779 1177 2843 pro-

130 2868 303 2953 prietatem
324 2863 469 2953 denique
490 2865 610 2952 linguae
632 2863 755 2942 latinae,
780 2865 970 2928 varietatem
994 2881 1027 2928 et
1048 2865 1177 2950 copiam

129 2986 281 3034 accurate
290 2985 449 3033 notarem.
460 2970 531 3031 Hoc
540 2968 628 3031 enim
636 2965 797 3030 debebam
806 2969 955 3054 scriptori
962 2966 1175 3054 lepidissimo,

130 3074 225 3164 cujus
239 3077 391 3152 γιησιότης,
409 3070 462 3135 vel
477 3094 517 3133 ex
531 3072 636 3157 capite
650 3071 833 3133 Latinitatis
848 3070 955 3132 fuerat
971 3071 1175 3157 impugnata,

130 3201 199 3242 non
218 3194 330 3241 tamen
349 3176 501 3261 contigit,
523 3173 677 3239 eumdem
696 3172 834 3236 liberare
851 3196 868 3235 a
888 3175 1043 3260 peccatis,
1066 3173 1119 3237 vcl
1135 3173 1178 3237 ab

131 3281 231 3344 initiis
246 3279 386 3343 labentis
400 3296 472 3342 tum
489 3277 657 3364 elegantiae
674 3277 813 3354 Latinae,
835 3275 888 3338 vel
902 3275 942 3338 ab
956 3277 1178 3365 interpolatio-

131 3385 229 3450 nibus
250 3387 481 3472 magistrorum
499 3405 644 3460 morum,
664 3380 902 3445 monachorum
921 3400 954 3447 et
971 3383 1177 3449 librariorum

129 3493 292 3558 ducendis
306 3496 360 3579 (a).
374 3495 490 3580 Neque
502 3491 599 3554 etiam
614 3511 687 3578 quac
699 3487 850 3576 pulchra,
865 3513 941 3578 quae
954 3510 1090 3557 venusta
1102 3509 1178 3557 sunt

131 3598 166 3661 in
180 3596 320 3661 Phaedro
332 3596 540 3685 praetermisi,
554 3612 587 3658 et
598 3595 708 3658 notavi
721 3616 797 3658 cum
808 3592 988 3659 dictionem
998 3601 1175 3684 poeticam,

131 3721 203 3768 tum
218 3705 364 3769 breviter
381 3700 512 3766 laudavi
527 3700 711 3764 fabularum
728 3703 880 3782 virtutes,
899 3704 937 3767 iis
952 3727 1020 3768 non
1034 3709 1176 3786 omissis,

166 3911 205 3983 (ι)
220 3913 261 3964 Cf.
279 3910 465 3983 Ephemen'des
484 3910 612 3962 litterariae
631 3911 835 3980 Goettingenscs,
856 3912 997 3979 Gotbanoe,
1016 3910 1178 3964 bibliotheca

131 3991 217 4043 Germ.
228 3990 587 4061 universalis,Ephemeriiles
598 3993 759 4044 Litteraturae
770 3992 906 4045 universal.
922 3997 1057 4056 lonenses,
1068 3992 1099 4044 al.
1113 4010 1177 4063 quus

131 4090 179 4124 suo
192 4071 252 4123 loco
265 4073 350 4123 citavi.

164 4149 203 4221 (a)
214 4152 255 4203 cf.
267 4152 369 4204 Notitia
380 4148 487 4203 litterar.
499 4150 533 4204 de
544 4149 627 4203 Codd.
641 4151 711 4204 MSS.
725 4153 755 4201 n⁰
768 4150 792 4216 4.
