2648 4822
442 361 566 426 virs
587 354 804 429 PHAEDRI.
1109 371 1163 433 25.

96 502 139 562 rii
160 503 228 580 XII,
256 506 357 565 Roma
382 506 568 579 excessisset,
587 527 762 586 numquam
781 528 850 566 eam
865 509 1033 585 revisurus,
1049 525 1079 571 et
1097 533 1149 594 pe-

97 595 197 654 tiisset
219 595 353 676 Capreas
371 593 523 668 insulam,
539 595 595 654 ubi
615 595 648 653 in
673 597 738 655 otio
759 598 907 677 turpique
929 599 1041 658 inertia
1066 602 1149 660 vive-

98 682 172 751 bat,
184 681 222 741 de
242 683 374 764 imperio
399 703 510 762 parum
532 682 694 757 sollicitus,
716 684 812 743 edidit
833 684 981 745 Phaedrus
993 732 1001 762 ,
1013 700 1084 769 post
1096 710 1149 748 an·

98 790 178 830 num
189 769 304 830 Christi
317 771 431 844 XXVI,
444 771 523 830 duos
535 773 653 852 priores
664 771 843 832 fabularum
854 774 966 850 libros,
980 776 1150 857 inquibus,

99 857 279 940 conjectura
302 859 476 940 probabili,
497 860 674 935 Tiberium,
699 859 859 941 Sejanum,
886 863 1025 944 aliosque
1037 866 1151 924 Roma-

58 954 62 963 '
98 970 217 1009 norum
246 962 387 1030 potentes
417 962 588 1009 notaverat.
621 950 693 1026 Quo
728 971 826 1030 quum
855 953 888 1011 in
918 954 1151 1014 acerbissimum

97 1036 232 1096 venisset
244 1037 368 1110 odium,
387 1050 416 1096 et
430 1037 659 1097 conilictarctur
679 1059 751 1098 cum
769 1038 897 1100 fortuna
918 1041 1059 1117 adversa,
1079 1064 1150 1102 cau·

96 1126 161 1184 tior
178 1123 292 1184 deinde
309 1123 423 1197 factus,
443 1124 566 1184 fabulas
582 1126 709 1206 scriptas
728 1125 768 1184 ad
786 1126 969 1187 leniendum
987 1127 1150 1202 dolorem,

92 1208 172 1290 juris
184 1211 303 1293 publici
318 1231 385 1271 non
400 1210 481 1270 fecit.
498 1212 545 1271 Sic
560 1213 753 1293 composuit,
766 1227 802 1272 ut
814 1214 945 1289 videtur,
959 1215 1075 1277 librum
1093 1218 1168 1282 Ill,-

97 1297 327 1381 dedicavitque,
344 1313 380 1358 ut
402 1301 467 1381 ipse
481 1301 539 1374 ait,
554 1300 669 1359 honori
689 1314 719 1360 et
739 1303 856 1361 meritis
879 1301 1021 1386 Eutychi.
1041 1305 1103 1380 Qui
1125 1308 1150 1365 si

95 1386 179 1448 idem
192 1403 238 1448 est
254 1409 326 1448 cum
347 1386 505 1471 Eutycho,
526 1389 639 1471 opibus
654 1403 684 1447 et
698 1390 796 1469 gratia
816 1390 945 1450 florente
959 1393 993 1450 in
1008 1393 1079 1452 aula
1094 1394 1152 1454 Ca-

93 1475 201 1557 ligulae
213 1475 266 1556 (i),
279 1475 387 1534 tertius
401 1474 581 1535 fabularum
600 1475 679 1535 liber
692 1476 732 1535 ad
747 1474 840 1557 hujus
860 1478 1055 1560 Imperatoris
1074 1495 1151 1541 tem·

93 1586 173 1647 pora
187 1564 366 1625 referendus
377 1578 438 1638 est3
451 1565 506 1624 etsi
518 1566 728 1646 Prologumet
740 1566 833 1626 aliam
846 1580 938 1649 atque
950 1568 1044 1627 aliam
1057 1566 1150 1649 hujus

92 1655 167 1714 libri
181 1654 338 1729 fabulam,
353 1655 485 1736 exempli
500 1656 598 1736 gratia
611 1657 667 1714 lib.
680 1657 734 1731 ΙΙΙ,
746 1655 800 1715 fab
820 1658 858 1730 Il,
874 1657 1057 1733 Phaedrum,
1070 1660 1149 1721 vivis

94 1739 197 1803 adhuc
211 1741 335 1802 Tiberio
354 1757 384 1801 et
404 1740 532 1822 Sejano,
552 1743 706 1824 scripsisse
724 1764 791 1803 non
810 1745 998 1825 negaverim.
1020 1746 1150 1805 Verum·

92 1843 199 1889 tamen
213 1843 306 1911 poeta
317 1830 450 1889 voluisse
459 1829 581 1891 videtur
590 1843 626 1889 ut
637 1844 748 1912 praeter
758 1829 936 1913 Eutychum
949 1853 967 1890 a
981 1832 1071 1891 nullo
1086 1833 1149 1892 alio
1161 1844 1164 1851 '

92 1919 270 2000 legerentur
282 1916 412 1992 fabule,
434 1933 465 1978 et
484 1918 611 1978 demum
631 1935 702 2002 post
725 1922 821 2001 ipsius
839 1935 972 1982 monem
985 1924 1018 1980 in
1036 1921 1148 2002 vulgus

93 2007 275 2082 ederentur,
298 2007 565 2088 quemadmodum
588 2029 681 2090 supra
703 2009 839 2068 vidimus
863 2030 880 2069 e
901 2010 983 2069 Ptol.
1008 2010 1063 2069 lib.
1088 2011 1149 2085 ΙΙΙ,

95 2116 165 2174 29...
179 2095 228 2168 32,
236 2109 396 2176 praeeunte
406 2094 613 2154 Desbillonio.
624 2097 712 2155 Duos
726 2098 910 2178 posteriores
922 2096 1101 2157 fabularum
1111 2097 1149 2156 li·

91 2185 177 2259 bros,
190 2204 269 2265 quos
281 2183 435 2244 dedicavit
442 2183 590 2243 Phaedrus
603 2185 795 2244 Particuloni
805 2201 835 2244 et
844 2185 977 2262 Phileto,
989 2184 1083 2245 fuisse
1090 2186 1148 2246 sub

92 2271 227 2332 Claudio
240 2273 383 2355 scriptos,
398 2271 489 2334 facile
503 2273 695 2334 crediderim.
709 2274 864 2334 Convenit
878 2276 962 2335 enirn
983 2273 1055 2334 huic
1071 2288 1148 2336 tem·

91 2361 181 2444 pori,
193 2374 229 2420 ut
247 2361 290 2419 ait
302 2361 551 2442 Cannegieterus,
566 2361 752 2421 libertorum
764 2363 913 2443 potentia.
930 2363 1082 2422 Videntur
1095 2384 1148 2422 au·

91 2464 157 2508 tem
169 2468 241 2507 cum
253 2447 420 2523 Particulo,
433 2462 501 2508 tum
513 2449 664 2524 Philetus,
676 2447 763 2530 cujus
774 2451 917 2509 meminit
926 2449 981 2509 lib.
994 2450 1020 2507 V
1031 2449 1095 2509 fab.
1109 2451 1146 2522 X,

96 2558 142 2614 ro,
155 2535 279 2597 Claudii
290 2535 383 2596 fuisse
394 2537 507 2599 liberti.
524 2540 666 2618 Namque
680 2539 763 2619 apud
779 2539 947 2599 Gruterum
962 2540 1003 2617 (2)
1015 2540 1148 2598 occurrit

96 2623 160 2684 Tib.
173 2623 275 2686 Claud.
288 2623 427 2700 Philetus,
447 2640 477 2685 et
496 2625 558 2685 alio
570 2625 641 2685 loco
656 2626 697 2705 (3)
710 2624 840 2686 Philetus
860 2624 976 2685 libertus
992 2627 1025 2686 in
1044 2624 1147 2708 lapide

90 2715 257 2787 Brixiensi3
276 2715 404 2775 Veletris
428 2728 531 2775 autem
554 2717 588 2774 in
613 2715 792 2796 pavimento
809 2715 941 2776 ecclesias
963 2714 1146 2775 cathedralis

88 2803 205 2884 legitur
223 2803 286 2863 Tib.
299 2803 341 2863 Cl.
356 2803 485 2865 Philetas
497 2803 544 2864 lid.
552 2802 603 2884 (d).
611 2803 669 2863 Sed
683 2803 734 2863 vix
746 2802 958 2865 dubitandum
970 2805 1069 2865 libros
1081 2824 1146 2863 me·

90 2905 230 2952 moratos
244 2912 310 2953 non
330 2894 390 2952 nisi
411 2907 482 2975 post
499 2891 622 2953 Phaedri
637 2888 753 2952 exitum
767 2894 869 2954 lucem
890 2894 1070 2977 adspexisse.
1091 2894 1146 2953 Ac-

90 2993 179 3064 cepta
197 2982 283 3040 enim
301 2995 417 3043 tantae
432 2981 547 3042 fabulis
559 2982 751 3060 calamitate,
771 3004 811 3042 an
825 2983 972 3042 credibile
993 2996 1037 3042 est
1055 2980 1145 3041 Phae-

91 3071 199 3146 drum,
221 3082 269 3130 tot
290 3093 445 3132 aerumnas
467 3093 662 3155 perpessum,
686 3074 724 3133 de
750 3071 866 3132 fabulis
890 3072 995 3132 denuo
1017 3071 1145 3132 edendis

91 3159 363 3242 cogitavisselimo
377 3181 462 3236 vero,
471 3162 558 3222 omni
569 3162 718 3221 liberatus
730 3157 884 3243 periculo,
900 3157 979 3218 nihil
994 3158 1144 3242 priusha·

90 3250 203 3324 buerit,
218 3248 299 3309 nihil
312 3252 471 3332 antiquius
483 3272 579 3332 quam
591 3251 667 3311 utin
678 3250 763 3310 dulci
776 3265 1006 3310 consenesceret
1017 3250 1082 3310 otio
1094 3251 1143 3332 (5)

131 3337 267 3415 Quando
279 3339 343 3400 vita
361 3341 518 3399 excesserit
531 3338 696 3413 Phaedrus,
711 3360 778 3398 uon
790 3337 897 3419 liquet.
913 3338 975 3415 Qui
997 3360 1070 3399 vero
1090 3340 1145 3399 etsi

92 3426 131 3486 ad
144 3446 299 3484 summam
313 3440 500 3487 senectutem
518 3428 627 3487 vixisse
638 3426 770 3504 videtur,
786 3440 822 3486 ut
840 3447 856 3486 e
873 3426 1035 3488 nonnullis
1051 3427 1144 3487 fabu-

91 3515 195 3575 larum
216 3515 307 3590 locis,
329 3516 363 3575 in
384 3517 498 3598 quihus
512 3517 675 3577 senectutis
696 3537 759 3577 suae
778 3519 971 3579 mentionem
991 3518 1066 3578 facit
1083 3518 1144 3598 (6),

127 3675 167 3749 (1)
177 3674 334 3747 Iosephusl.
346 3694 369 3727 c.
380 3675 511 3730 Christian
520 3679 597 3730 Wase
674 3676 714 3747 (4)
726 3676 786 3730 Vid.
806 3680 869 3731 Not.
892 3677 971 3731 Gudii
989 3679 1029 3743 ad·
1044 3676 1146 3730 Phaedri

93 3759 162 3811 libr.
173 3758 593 3829 deSenario,p.3a;FabriciiB.
639 3761 812 3832 lib.V,F.X,
827 3761 943 3831 10,coll.
956 3763 1096 3816 infraNot.
1110 3762 1145 3814 ad
1250 3746 1254 3754 Ι

93 3841 121 3891 L.
132 3853 195 3891 tom.
207 3839 242 3904 II,
253 3857 280 3909 p.
293 3837 327 3904 24
336 3851 363 3888 et
373 3838 415 3890 26.
425 3840 465 3891 De
473 3839 594 3913 Eutycho
638 3845 691 3898 loc.
702 3848 745 3898 cit.

47 3939 53 3955 ¹
91 3919 175 3972 iusim
184 3921 225 3991 egi
234 3921 263 3971 in
272 3919 334 3969 Exc.
346 3919 370 3985 Ι,
381 3917 415 3970 ad
423 3919 452 3972 L.
463 3921 505 3972 ΙΙΙ.
630 3984 632 3992 Ι
674 3924 874 3997 (5)Desbillonii
883 3928 957 3999 Disp.
969 3923 1145 3980 deVitaPhae·

23 4031 26 4035 ·
127 4001 164 4075 (a)
182 4003 286 4073 Corpus
308 4002 509 4073 Inscriptionum
530 4023 592 4077 pag.
638 4005 731 4076 d1i,p.
742 4022 787 4057 ιιι.
869 4050 871 4057 .
1099 4006 1102 4011 ’

93 4099 224 4147 mcxxvii,
238 4097 262 4132 2.
674 4082 714 4154 (6)
720 4086 780 4135 Huc
787 4087 898 4138 maxime
905 4084 1076 4138 referuntviri
1083 4083 1145 4138 doc»
1163 4131 1166 4137 .

127 4159 490 4233 (annatpoccunt.
640 4161 837 4248 altuvsfx.
