2648 4822
313 384 1010 458 CODICIBUSMANUSCRIPTIS.
1140 399 1180 465 33

130 527 284 607 Phaedro,
294 542 474 612 temporum
484 527 597 609 injuria
606 550 694 610 paene
704 529 841 612 sepulto,
853 533 949 592 vitam
957 536 1113 599 restituere
1122 562 1185 604 esse

128 635 298 680 conatum.
308 618 389 680 falso
399 618 463 679 haec
476 618 536 679 dici
546 641 564 678 a
574 619 620 679 Cl.
630 622 750 694 Bmtier,
763 619 847 679 facili
856 624 981 703 negotio
992 625 1185 709 intelligitur.

131 708 243 789 Neque
255 707 349 766 etiam
362 708 386 765 si
407 706 503 765 codex
523 704 635 764 Pithoei
656 725 687 764 re
709 727 780 764 vera
801 708 835 764 in
856 702 1059 791 Letharingia
1082 736 1100 772 a
1121 719 1186 779 lac.

130 795 304 863 Sirmondo
325 794 432 855 fuisset
453 794 614 869 inventus,
638 792 769 873 intelligi
792 810 892 876 potest
912 796 978 859 fieri
999 803 1188 881 potuissent

133 882 278 944 Pithoeus
295 884 329 943 in
341 883 485 965 epistola,
507 883 638 943 editioni
658 903 720 942 suae
737 882 878 963 praefixa,
891 887 1046 947 Sirmondi
1058 895 1190 954 mentio·

134 992 211 1031 nem
223 969 337 1030 faceret
349 972 480 1030 omnino
495 970 616 1030 nullam
635 970 684 1049 (1)
700 970 797 1028 Istum
813 971 950 1031 codicem
968 979 1190 1059 perantiquum

135 1081 217 1137 esse,
230 1048 340 1142 praeber
355 1059 494 1120 Gudium
508 1071 538 1118 et
549 1060 734 1118 Brotierium
743 1056 872 1139 jamjam
889 1064 1081 1140 nominatos,
1101 1081 1190 1131 testes

136 1160 214 1209 suut
228 1147 381 1224 Pithoeus,
400 1148 434 1206 in
448 1168 481 1206 re
493 1148 597 1206 critica
611 1148 876 1207 exercitatissimus
888 1149 942 1229 (2),
956 1151 1120 1231 Rigaltius,
1135 1159 1190 1239 qui

135 1235 252 1297 eodem
261 1234 440 1296 incuranda
448 1235 549 1317 prima
556 1232 679 1295 Phaedri
687 1234 833 1310 editione,
847 1257 932 1297 anno
948 1240 1022 1319 ¹599
1034 1241 1190 1324 impressa,

137 1344 214 1384 usus
229 1334 274 1383 est
286 1324 342 1401 (3);
356 1325 552 1383 Burmannus
564 1319 613 1402 ((4).
635 1321 758 1382 Phaedri
771 1321 836 1382 fab.
848 1325 885 1397 X,
899 1325 953 1384 lib.
966 1326 1003 1399 V,
1015 1341 1060 1387 est
1082 1331 1193 1392 ultima

138 1417 174 1472 in
186 1412 400 1495 manuscripto
413 1409 494 1472 Pith.
504 1424 534 1471 et
543 1411 655 1472 desinit
666 1433 738 1472 cum
751 1412 816 1493 ipsa
824 1414 955 1494 pagina,
968 1415 1033 1474 sine
1045 1418 1110 1477 ulla
1121 1419 1193 1480 finis

138 1515 229 1577 nota.
243 1499 390 1575 Pithoeus,
402 1499 456 1581 qui
468 1500 606 1560 codicem
616 1499 823 1582 descripserat,
839 1514 1006 1582 antequam
1019 1503 1195 1566 inordinate

138 1589 251 1650 fnisset
261 1602 456 1671 compactus,
469 1589 568 1671 qualis
583 1610 667 1650 nunc
682 1606 742 1662 est,
763 1610 928 1672 versusque
948 1591 1144 1671 distinxerat,
1160 1611 1196 1656 ut

139 1677 294 1738 Phaedrus
315 1681 397 1762 typis
413 1678 568 1755 ederetur,
583 1681 616 1739 in
632 1679 694 1740 fine
713 1679 796 1738 illius
812 1680 992 1762 exemplaris
1012 1682 1172 1744 adnotavit
1188 1709 1194 1743 :

110 1817 116 1836 ‚
140 1769 181 1827 In
199 1770 239 1831 V.
261 1768 294 1826 0.
319 1767 476 1828 abscissum
486 1772 562 1829 Orat
584 1766 705 1851 stolium.
736 1768 781 1827 Ex
809 1767 922 1848 quibus
949 1767 1064 1828 Pithoei
1094 1772 1196 1832 verbis

140 1860 203 1917 viri
227 1858 309 1917 docti
322 1859 461 1940 sequenti
473 1871 613 1940 tempore
636 1859 843 1938 collegerunt,
856 1856 994 1919 codicem
1007 1858 1120 1919 Pithoei
1131 1882 1198 1920 non

143 1968 209 2008 esse
235 1948 404 2028 integrum,
427 1962 457 2008 et
479 1947 607 2009 fortasse
632 1948 750 2028 aliquas
771 1946 892 2005 Phaedri
916 1945 1037 2007 fabulas
1063 1951 1197 2031 periisse.

142 2036 205 2097 Sed
217 2037 252 2094 in
265 2034 487 2097 folioahscisso
498 2036 544 2096 nil
554 2037 677 2096 videtur
688 2037 836 2117 scriptum
845 2035 946 2109 fuisse,
958 2037 1017 2095 nisi
1028 2037 1088 2098 hoc
1099 2061 1106 2096 ε
1117 2038 1198 2099 Phoe-

143 2126 194 2187 dri
207 2125 288 2208 Auo.
305 2124 398 2186 liberti
426 2125 497 2187 liber
512 2127 631 2208 quintus
649 2123 771 2206 explicit.
785 2126 865 2184 Nam
886 2127 965 2185 etin
986 2131 1197 2211 manuscripto

143 2218 306 2291 Remensi,
326 2229 398 2299 post
410 2216 466 2275 lib.
481 2216 518 2290 V,
540 2214 603 2272 fab.
621 2215 658 2288 X,
678 2229 743 2273 erat
759 2215 907 2296 scriptum
918 2213 1049 2276 :Phoedn'
1067 2218 1144 2300 Auq.
1167 2217 1200 2278 li-

145 2304 221 2366 berti
240 2303 310 2364 liber
319 2309 436 2386 quintus
447 2303 562 2386 explicit
568 2299 704 2386 feliciter.
725 2304 762 2362 D.
783 2306 813 2365 V
813 2306 909 2363 incent
929 2319 1046 2379 autem,
1069 2307 1123 2386 qui
1142 2308 1199 2367 Re-

144 2411 289 2451 mensem
300 2390 384 2452 hunc
399 2391 536 2452 codicem
551 2390 701 2464 contulit,
722 2389 807 2449 addit
821 2413 827 2448 :
839 2389 866 2449 Il
877 2389 926 2470 n'y
939 2411 959 2448 a
974 2394 1058 2472 point
1068 2391 1200 2474 desemi-

146 2480 188 2541 let
196 2479 289 2564 perdu
300 2483 350 2562 qui
359 2483 456 2564 pauisse
464 2477 640 2565 sairejuqer
656 2500 711 2560 que
728 2478 851 2559 cl’autres
861 2477 960 2562 fables
977 2483 1057 2539 aient
1067 2485 1111 2540 ete
1123 2484 1201 2542 aussi

146 2672 182 2706 en
207 2651 274 2705 1562
297 2652 322 2706 la
340 2653 413 2707 riche
432 2655 606 2726 bibliotheque
626 2654 658 2705 de
698 2673 764 2726 eonp
786 2654 818 2706 de
843 2656 1058 2722 vraisemblance,
1082 2669 1118 2710 est
1141 2656 1202 2708 tire‘e

145 2731 336 2786 Saint-Benolt
346 2752 392 2786 sur
401 2732 493 2795 sotsa-
506 2753 539 2786 on
549 2733 598 2784 suit
606 2752 658 2805 que
698 2734 774 2786 d'nne
783 2735 924 2788 excellente
934 2736 1100 2789 dissertation
1111 2756 1155 2788 sur
1164 2737 1201 2790 les

147 2813 246 2864 Pierre
256 2811 365 2879 Daniel,
378 2823 470 2864 avocat
482 2811 617 2865 d'Orleans
633 2822 659 2863 et
699 2828 791 2887 quatre
805 2819 961 2867 manuscrits
976 2817 1008 2867 de
1023 2816 1138 2880 Phedre,
1152 2837 1203 2887 par

148 2892 229 2946 batlli
244 2894 276 2944 de
291 2904 355 2945 cette
370 2895 481 2963 abbaye,
494 2894 611 2966 qarantit
621 2893 658 2943 du
698 2896 737 2944 M.
755 2895 836 2964 Adry,
854 2895 947 2946 ancien
964 2893 1153 2945 bibliothecaire
1171 2895 1202 2945 de

148 2972 282 3045 naufraye
303 2971 431 3044 plusieurs
453 2973 603 3024 manuscrits
627 2971 659 3022 de
699 2973 849 3035 l'Oratoire;
864 2974 1020 3044 elleaparu
1031 2974 1095 3025 dans
1106 2973 1131 3023 le
1142 2975 1201 3025 Ma-

148 3063 218 3104 cette
232 3050 418 3124 bibliotheque,
431 3051 494 3102 dont
506 3049 558 3101 l'un
570 3062 660 3102 conte·
699 3055 774 3120 gasin
792 3051 1023 3124 llncyclopedique
1043 3052 1073 3102 dc
1093 3051 1184 3103 Millin
1192 3092 1202 3118 ,

150 3133 212 3185 nait
229 3129 264 3184 les
274 3131 341 3183 deux
353 3134 412 3184 tiers
426 3131 463 3182 du
472 3131 587 3201 premier
596 3131 660 3182 livre
701 3142 769 3184 tome
781 3134 814 3182 11
822 3132 853 3182 de
862 3132 888 3183 la
897 3132 1001 3182 sixieme
1010 3132 1093 3181 antaee
1101 3130 1202 3203 (1800).

150 3214 197 3264 des
202 3210 292 3282 fables
304 3211 336 3263 de
348 3211 463 3272 Phe'dre,¹
477 3210 512 3263 les
517 3211 602 3282 freres
613 3210 661 3260 Pi·
702 3210 741 3260 M.
754 3210 876 3262 Schwabe
887 3208 919 3260 l'a
930 3225 1031 3259 connue
1039 3209 1128 3278 depuis
1138 3209 1204 3261 l'im-

151 3293 219 3345 thou
231 3291 328 3344 etaient
339 3295 388 3345 ἰνὸς
400 3290 445 3343 lies
456 3310 517 3342 avec
529 3290 626 3341 Daniel
636 3302 662 3342 et
700 3289 812 3360 pressiori
834 3288 865 3337 dc
885 3298 947 3338 cette
965 3289 1072 3348 Notice;
1095 3307 1158 3341 nous
1178 3289 1205 3340 la

151 3390 218 3424 avec
234 3369 358 3442 plusieurs
368 3378 537 3441 pmtestants;
556 3369 578 3420 il
595 3370 662 3420 esth
701 3365 836 3436 placerent
854 3367 870 3415 ἠ
889 3365 915 3416 la
926 3362 972 3438 fin
990 3366 1022 3416 de
1041 3377 1105 3418 cette
1119 3368 1204 3419 notice

152 3451 239 3503 croire
254 3468 302 3521 que
318 3446 440 3514 Francois
456 3447 554 3499 Pithon
571 3447 662 3498 acheta
702 3445 888 3516 preliminaire.
902 3445 967 3517 (B.)

154 3532 222 3583 dans
239 3539 301 3580 cette
315 3530 489 3598 circonstance
505 3528 529 3580 le
541 3528 679 3598 precieux.
737 3523 777 3595 (1)
799 3524 969 3591 Desbillonii,
995 3527 1068 3598 Disp.
1095 3529 1148 3596 lIl,
1169 3527 1205 3580 de

156 3608 304 3662 manuscrit
324 3611 359 3660 oie
377 3625 402 3660 se
422 3608 568 3658 trouvaient
585 3617 665 3657 toutes
704 3605 782 3657 Editt.
794 3606 1026 3678 Phaedri,p.xx1v.

158 3688 197 3742 les
207 3686 297 3759 fables
309 3687 341 3738 de
355 3686 471 3746 Phddre;
484 3685 504 3736 il
518 3683 559 3736 n'a
565 3685 665 3757 jamnis
739 3685 778 3758 (2)
787 3687 912 3754 Fabricii,
922 3689 949 3738 B.
961 3690 989 3740 L.
998 3691 1028 3740 T.
1040 3691 1076 3755 11,
1086 3707 1146 3761 pag.
1160 3688 1206 3756 26,

158 3771 200 3822 dit
206 3767 232 3820 d
231 3772 267 3820 oh
277 3767 299 3819 il
308 3768 346 3820 lui
355 3768 457 3826 venait5
464 3786 527 3818 ceux
535 3769 584 3840 qui·
593 3767 617 3819 le
627 3765 666 3817 lui
704 3765 772 3817 Edit.
782 3767 883 3818 Ernest.

158 3860 209 3903 ont
224 3848 323 3916 vendu,
340 3860 387 3902 ont
402 3866 435 3899 eu
448 3849 515 3901 aussi
531 3847 557 3899 la
572 3848 665 3901 disard-
740 3842 779 3915 (3)
801 3845 891 3897 Dedic.
916 3844 1021 3916 Rigaltii
1048 3843 1090 3898 ad
1102 3846 1206 3898 Thuan.

160 3932 218 3983 tion
231 3928 262 3978 de
274 3947 307 3979 ne
317 3946 364 3997 pas
374 3946 399 3980 se
411 3940 502 3979 vanter
511 3927 543 3977 de
555 3926 611 3978 leur
620 3927 666 3977 db·
705 3927 800 3997 praefix.
826 3926 894 3979 Edit.
916 3925 1079 3981 Wechelian.
1104 3929 1205 3978 Hanov.

159 4018 289 4060 converte.
310 4005 336 4060 C
336 4019 372 4059 est
382 4006 514 4078 nimique
532 4005 567 4058 les
582 4005 666 4059 choses
710 4007 790 4073 1603,
802 4009 887 4058 in-12.

160 4109 188 4144 se
201 4099 306 4159 pascent
319 4089 384 4140 dans
401 4087 432 4137 de
451 4086 497 4138 tels
512 4087 667 4140 bonleverse-
742 4087 781 4158 (l)
796 4090 826 4138 ln
843 4089 915 4142 Praef.
931 4087 1000 4140 Edit.
1016 4085 1102 4138 Leidae
1120 4098 1206 4138 exous.

161 4177 249 4220 ments
252 4189 263 4229 ,·
276 4179 340 4220 cette
350 4166 497 4237 conjecture
506 4166 553 4236 qai
564 4186 580 4219 a
591 4167 668 4218 beau·
711 4183 787 4237 1727,
796 4167 875 4232 ἱππ-40.

242 4269 262 4306 r.
1015 4250 1031 4301 3
