2648 4822
118 371 1165 401 mmmmmwmwwmmwtwtmmwwmwwmwtwumv

390 534 391 539 i
459 602 502 696 J.
534 601 582 693 u.
615 597 832 694 curru

263 901 267 912 '
426 887 869 998 PRAEFATIO.

580 1197 713 1215 ..O—

123 1402 174 1505 81
190 1430 269 1528 quis
284 1429 452 1501 lectorum
468 1431 557 1501 forte
575 1430 719 1502 miretur
737 1431 825 1502 inter
839 1450 889 1502 tot
902 1434 992 1501 viros
1009 1428 1171 1516 eximios,

119 1571 189 1617 nec
213 1544 332 1615 minus
357 1543 549 1616 litterarum
575 1544 763 1617 latinarum
790 1544 930 1616 scientia
955 1572 1062 1643 quam
1088 1543 1171 1615 scri-

117 1658 227 1729 bendi
248 1657 421 1756 elegantia
440 1679 656 1756 prestantes,
682 1686 834 1758 quorum
859 1657 1066 1729 nominibus
1087 1682 1173 1756 prae-

106 1772 210 1843 'clare
227 1772 353 1871 (idque
371 1773 525 1869 quotidie
544 1773 673 1871 magis)
691 1773 983 1845 commendantur
1000 1772 1172 1843 editiones

119 1918 140 1961 a
165 1892 207 1960 V.
236 1890 289 1962 Cl.
313 1891 472 1962 Lemaire
486 1890 649 1988 vulgatae;
674 1893 701 1961 si
725 1891 818 1986 quis,
844 1877 1007 1985 iuquam,
1030 1888 1172 1958 miretur

119 2006 212 2077 inter
237 2005 409 2106 ejusmodi
430 2005 574 2076 nomina
598 2004 704 2104 hujus
727 2004 831 2075 etiam
851 2030 983 2075 nomen
1002 2001 1171 2101 conspici,

120 2149 228 2248 quern
239 2121 350 2193 multo
360 2121 439 2221 plus
448 2121 563 2192 adhuc
574 2146 684 2219 operae
694 2146 810 2219 graecis
819 2120 951 2192 dedisse
963 2119 1064 2191 rebus
1074 2137 1171 2207 serat

118 2237 166 2326 is,
185 2235 381 2307 dummodo
394 2234 566 2306 recordari
575 2234 746 2355 vqluerit,
765 2261 823 2307 me
809 2261 1005 2336 quoque
998 2232 1083 2304 olim
1101 2229 1174 2302 edi-

120 2350 255 2424 tionem
269 2350 407 2423 Phaedri
420 2377 501 2421 cum
518 2341 673 2447 versione
686 2322 825 2449 gallica
823 2371 859 2428 et
864 2335 1171 2425 bretiiverborum

119 2466 335 2539 enarratione
360 2460 398 2538 in
420 2465 538 2539 lucem
562 2480 815 2570 aspectumque
837 2466 1027 2552 hominum
1051 2464 1171 2535 docto-

118 2607 199 2650 rum
221 2580 402 2679 protulisse
424 2583 455 2675 (1
461 2583 491 2676 ),
513 2580 789 2690 ingruentibus
768 2569 902 2654 leur
887 2601 985 2693 mter
1006 2599 1170 2651 nostrates

20 2688 24 2693 ⁴
117 2693 372 2766 discordiarum
385 2694 559 2794 procellis,
573 2703 762 2785 armoritiani·
753 2704 855 2770 inter
858 2697 1064 2796 strepitum
1076 2695 1170 2765 fame

23 2824 29 2835 '
78 2864 80 2876 .
117 2809 263 2906 insuper
280 2809 507 2898 imminente,
525 2838 566 2881 us
581 2800 726 2883 demum
742 2812 1000 2911 temporibus
991 2839 1028 2881 rn
1044 2809 1171 2910 quibus

118 2942 180 2994 etsi
170 2921 302 3020 samis
320 2951 392 2995 non
401 2927 514 3024 famur
535 2953 618 2996 cura
636 2926 872 2998 exstimularet
893 2953 950 2997 eos
971 2952 1033 3023 qur
1024 2923 1171 2995 litteris

118 3064 264 3137 operam
284 3038 429 3130 dabant,
453 3059 606 3111 attamen
626 3061 741 3112 nostra
761 3040 898 3111 Phaedri
915 3039 1024 3110 versio
1041 3039 1173 3135 aliquot

118 3173 283 3226 exornata
298 3154 368 3226 fuit
383 3155 573 3253 suffragiis,
590 3183 703 3254 quum
716 3157 754 3226 iu
770 3154 990 3227 universitate
1003 3155 1171 3245 Francia,

121 3288 198 3338 tum
221 3267 326 3339 etiam
351 3270 446 3368 apud
468 3290 597 3341 exteros
622 3273 689 3366 (2),
715 3272 854 3342 fortasse
880 3270 998 3342 minus
1024 3292 1172 3350 temera-

118 3383 213 3454 rium
238 3405 396 3456 nostrum
422 3384 609 3457 consilium
628 3386 811 3488 judicabit.
838 3390 939 3460 Certe
962 3389 1107 3487 quidem
1131 3416 1171 3459 ea

114 3501 193 3598 ipsa
207 3502 302 3598 prior
316 3503 441 3592 editio,
457 3531 569 3603 quum
584 3505 689 3603 aequis
703 3505 828 3576 harum
842 3505 1090 3604 scripturarum
1107 3505 1171 3577 exi-

116 3614 353 3687 stimatoribus
372 3644 444 3689 non
460 3618 606 3689 omnino
624 3618 873 3718 displicuisset,
899 3641 931 3690 et
948 3621 1062 3691 virum
1077 3647 1172 3692 sum-

152 3849 193 3922 (1)
209 3851 269 3903 vid.
286 3855 346 3907 infr.
366 3856 397 3906 T.
413 3859 422 3907 l
429 3877 480 3929 ,p
502 3859 559 3926 45,
578 3861 650 3928 Quid
661 3861 694 3914 de
709 3874 801 3914 nostra
815 3863 907 3931 AEsopr
920 3859 1034 3912 editione
1046 3857 1170 3929 judican-

113 3929 180 3982 dum
190 3932 234 3996 sit,
250 3946 341 4002 aperte
354 3933 467 3988 declarat
481 3953 571 3991 nostra
581 3940 767 4012 Xenophontis
775 3940 856 3994 editio
868 3939 909 4010 (T.
918 3939 1063 4010 1‚1‘par1.
1074 3938 1170 3990 Notion

114 4009 317 4083 historique‚p.
332 4030 381 4083 179
396 4029 421 4066 et
433 4035 499 4087 pass
494 4018 519 4088 )

149 4090 263 4162 (qvid.
276 4095 336 4147 infr.
352 4095 382 4147 Τ
395 4097 407 4147 1
411 4116 460 4168 ,.p
476 4097 533 4164 145.
