2648 4822
471 372 589 437 VITA
611 372 827 437 PHAEDRI.
1131 375 1166 438 13

128 513 414 596 temporibushini
440 525 471 572 et
495 511 611 594 Orphei
642 512 858 571 Macedoniam
886 496 1024 569 Thraciae
1048 524 1167 589 partem

128 601 217 661 fuisse
242 600 372 660 credidit
392 599 536 660 Diodorus
558 599 683 659 Siculus.
708 601 736 658 Is
756 600 840 658 enim
859 599 900 676 (r)
917 597 1135 672 Macedonem,
1150 619 1169 657 a

132 704 212 773 patre
226 711 282 750 suo
297 689 417 748 Osiride
428 689 502 748 huic
516 690 636 769 regioni
650 690 848 770 praepositum
860 732 869 762 ,
879 687 1083 761 Macedoniae,
1098 701 1169 746 ante

132 779 197 839 Lini
213 791 243 836 et
259 776 377 858 Orphei
392 791 548 856 tempora,
566 796 682 834 nomen
702 774 834 847 dedisse,
850 775 1006 833 memoriae
1022 775 1171 855 prodidit;

133 867 262 925 scribens
276 888 282 923 :
296 867 339 923 καὶ
356 867 491 923 Μακεδόνα
505 868 550 943 μὲν
567 865 611 922 τὸν
623 865 679 923 iti-r
693 868 827 923 ἀπολιπεῖν
841 867 947 943 βασιλέα
961 873 1005 930 τῆς
1015 862 1059 922 ἀπ’
1072 865 1168 922 ἐκείνου

132 955 367 1033 προσαγορευθείσης
377 952 545 1018 Μακεδονίας.
558 952 634 1026 Quae
646 972 743 1030 quum
753 951 796 1008 ita
804 951 874 1023 sint,
882 947 1029 1008 Phaedrus
1037 948 1169 1008 fuitMa-
1204 1018 1213 1039 ι

132 1038 222 1114 cedo,
235 1059 335 1119 neque
348 1039 462 1117 magis,
477 1058 571 1118 quom
587 1037 752 1110 Pindarus,
764 1035 875 1094 Thebis
887 1047 993 1109 natus,
1008 1049 1171 1115 propterea

132 1125 229 1186 Thrax
239 1127 299 1184 dici
314 1140 428 1207 potest,
441 1126 526 1207 quod
542 1125 645 1186 Strabo
659 1127 698 1204 (2)
713 1125 831 1206 scriptis
845 1125 906 1183 suis
920 1122 1062 1198 tradidit,
1076 1122 1170 1182 Thra·

132 1233 174 1273 ces
185 1213 263 1273 olim
274 1215 407 1273 tenuisse
421 1213 579 1272 Boeotiam.

167 1302 316 1376 Fuerunt,
330 1303 384 1382 qui
397 1302 489 1359 verba
502 1323 508 1358 ι
520 1303 603 1381 Epo,
617 1321 701 1379 quem
715 1303 811 1360 Pierio
827 1312 920 1358 mater
930 1302 1018 1359 enixu
1035 1311 1076 1358 est
1080 1295 1170 1382 juqo,
1256 1314 1279 1351 ὀ

134 1385 299 1469 improprie
312 1402 341 1446 et
352 1389 471 1468 poetice
486 1410 504 1447 a
514 1386 646 1445 Phaedro
658 1386 719 1445 dici
732 1386 933 1467 putarentffi).
946 1385 1003 1444 Sed
1013 1383 1079 1464 jam
1095 1385 1171 1444 olim

134 1476 347 1534 animadvertit
359 1478 501 1534 Fonteius
512 1472 566 1553 ([ι),
580 1473 646 1533 haec
665 1475 706 1533 ita
721 1473 873 1533 intellecta
893 1494 958 1531 non
981 1487 1050 1554 apte
1070 1472 1172 1532 cohae-

132 1584 193 1623 rere
209 1586 283 1624 eum
296 1565 503 1644 sequentibus.
518 1566 622 1640 Quum
637 1565 721 1623 enim
736 1562 900 1637 Phaedrus,
915 1584 945 1621 se
960 1565 1063 1644 inipso
1076 1561 1173 1622 schola
1253 1552 1264 1573 ⁸

134 1663 232 1711 natum
251 1672 330 1726 esse,
346 1652 428 1710 dicat
441 1652 497 1730 (5);
513 1672 608 1710 musae
624 1664 741 1726 autem,
757 1652 869 1710 artium
885 1651 1026 1708 omnium
1045 1664 1073 1708 ct
1091 1649 1172 1709 litte·

133 1759 236 1798 rarum
249 1741 342 1814 Deae,
357 1744 389 1799 in
413 1753 520 1798 monte
543 1741 630 1798 Piero
653 1739 847 1799 crederentur
867 1760 928 1798 esse
942 1740 1069 1818 genitae:
1083 1737 1175 1797 facile

133 1828 231 1903 vides,
246 1828 522 1909 Pegeustecherum
543 1843 572 1888 et
590 1831 672 1888 viros
692 1830 815 1902 doctos,
830 1829 883 1909 qui
904 1849 975 1886 eum
993 1841 1173 1907 sequuntur,

133 1939 196 1989 non
211 1939 275 1983 esse
296 1919 478 1993 audiendos.
498 1921 592 1978 Istam
614 1917 845 1998 Pagensteclrcri
866 1918 1046 1976 sententiam
1068 1917 1105 1975 el.
1123 1920 1175 1976 Ja-

132 2006 194 2066 cobs
213 2008 248 2065 in
263 2007 473 2067 dissertatione
490 2007 638 2088 peculiari
661 2008 698 2065 de
719 2006 945 2065 fabulatoribus
965 2004 1067 2062 latinis
1085 2004 1174 2083 (Vide

131 2092 341 2175 Nachtrci'pezu
354 2094 466 2155 Suizers
480 2093 612 2168 Tireorie,
627 2107 702 2153 tom.
717 2096 775 2168 VI,
789 2096 822 2152 Ρ.
841 2095 853 2152 Ι
862 2138 870 2168 ,
882 2114 952 2174 pag.
968 2091 1028 2169 34..)
1043 2093 1084 2150 sic
1102 2113 1175 2151 con·

130 2179 211 2239 futet
224 2203 230 2238 :
245 2206 259 2235 ο
276 2179 464 2264 Dip'enipen,
479 2180 584 2241 welche
596 2182 692 2241 diesen
705 2185 826 2243 l‘Vorten
838 2182 927 2263 (prol.
943 2182 1003 2255 111,
1021 2182 1077 2261 17.)
1090 2184 1175 2240 einen

131 2265 378 2348 ntetaphorischen
410 2271 486 2329 Siun
508 2267 690 2349 ortteriepen,
714 2268 809 2327 buben
836 2268 893 2327 den
916 2267 1174 2348 Zusamrncnltanp

130 2352 212 2415 nicht
234 2353 352 2436 qehiirip
377 2377 516 2437 ertuoqen.
541 2354 675 2415 Phaidros
689 2356 776 2440 fiiint
801 2355 846 2415 die
867 2356 1004 2430 Griinde,
1031 2356 1076 2414 die
1100 2359 1177 2415 seinc

130 2439 303 2522 Anspriiche
314 2443 433 2526 aufden
446 2446 562 2502 Nanten
575 2447 651 2504 eines
664 2443 795 2504 Dichters
807 2444 1005 2524 bepiinstiqen,
1026 2442 1078 2501 der·
1088 2442 1176 2502 Reihe

130 2526 209 2586 nach
222 2549 273 2586 an.
287 2531 396 2589 Seinen
408 2530 587 2606 Geburtsort,
602 2535 649 2590 ein
662 2530 827 2611 poetiscbes,
842 2531 932 2589 durch
947 2530 993 2589 die
1007 2531 1178 2610 Geqcnurart

130 2617 186 2677 der
204 2620 312 2679 Mosen
326 2619 515 2702 bepiinstiqtes
535 2621 622 2679 Laud
629 2667 639 2696 ,
664 2620 736 2680 stelit
749 2643 781 2680 er
793 2643 835 2679 an
848 2619 893 2680 die
907 2623 1011 2702 Spitze.
1026 2625 1052 2679 Z
1055 2619 1178 2679 rinc'ickst

131 2701 245 2763 kdmmt
257 2725 290 2763 er
300 2708 443 2788 aufseine
455 2705 631 2789 Erziebunp,
647 2707 681 2764 in
691 2708 757 2787 ipsa
769 2721 860 2767 natus
874 2728 961 2788 paene
975 2706 1080 2765 schola
1093 2728 1101 2778 ;
1125 2709 1185 2790 auf

129 2794 231 2852 seinen
251 2792 419 2870 Charakter,
434 2795 485 2855 der
506 2794 610 2855 keinen
624 2818 679 2855 von
698 2796 754 2855 den
774 2799 801 2854 F
801 2795 897 2856 ieckcn
912 2795 970 2870 hat,
986 2794 1031 2854 die
1049 2798 1102 2853 mit
1121 2795 1177 2854 den

130 2879 366 2941 Musenisiinsten
386 2880 598 2963 unoertro'piicb
618 2882 693 2941 sind.
717 2886 796 2942 iilan
817 2883 885 2965 qebe
900 2883 965 2942 dem
985 2895 1076 2942 ersten
1093 2884 1178 2941 Satze

130 2969 198 3027 eine
219 2966 444 3049 metaphorische
463 2969 644 3051 Bedeumrzq,
665 2969 727 3029 urtd
745 2969 791 3030 die
812 2991 904 3052 ponzo
924 2967 1107 3048 Anordnuuq
1129 2966 1181 3026 der

131 3054 296 3115 Gedanlren
310 3060 346 3116 ist
355 3063 478 3118 zersto'rt.
497 3084 510 3115 ο

176 3144 245 3220 Quo
271 3167 374 3222 atino,
396 3149 509 3229 quibus
527 3149 706 3229 parentibus
724 3163 814 3209 natus
833 3151 871 3207 sit
892 3146 1052 3219 Phaedrus3
1073 3158 1178 3205 utrum

131 3253 226 3307 casu,
242 3254 283 3292 an
295 3248 375 3296 sorte
389 3236 534 3296 nascendi
550 3236 647 3295 factus
659 3238 697 3294 sit
709 3258 828 3311 servus,
844 3235 972 3297 definire
984 3256 1049 3294 non
1062 3235 1175 3294 audeo:

132 3335 349 3382 verumtamen
377 3323 586 3405 conjecturam
612 3326 753 3385 virorum
781 3326 1030 3385 doctissimorum
1056 3323 1179 3385 silentio

132 3412 366 3492 pretermittere
376 3414 528 3473 nonlicet.
540 3413 645 3488 Quum
653 3416 737 3474 enim
744 3417 899 3474 Suetonius
905 3414 945 3491 (6)
954 3426 1067 3487 narret,
1079 3413 1112 3470 C.
1122 3412 1180 3470 Oc·

140 3628 145 3637 ,
170 3570 210 3644 (r)
220 3575 250 3624 T.
263 3575 282 3626 Ι.
296 3592 319 3625 e.
333 3591 380 3640 20,
392 3594 419 3645 p.
431 3574 477 3641 23,
487 3574 555 3627 Edit.
563 3576 638 3628 Wes·
686 3575 790 3629 Ursinus
800 3579 827 3627 in
838 3575 926 3628 indice
940 3574 974 3625 ad
984 3574 1052 3625 Edit.
1065 3572 1166 3625 Phaedri

132 3650 226 3722 seling.
372 3692 376 3699 -
680 3674 738 3706 voc.
751 3657 850 3708 Pierius
861 3654 889 3705 C.
903 3656 934 3704 H.
950 3653 1063 3705 Schmid.
1077 3655 1103 3703 in
1115 3654 1177 3703 Not.

171 3728 210 3801 (a)
229 3729 378 3796 Strabonis,
397 3728 441 3782 lib.
467 3749 515 3798 10,
534 3732 558 3783 A
575 3749 636 3803 pag.
683 3734 701 3786 l.
719 3735 752 3787 ad
765 3736 845 3788 crusii
852 3737 915 3786 Vin.
933 3736 1004 3785 Poet.
1020 3736 1096 3784 Rom.
1108 3735 1139 3784 T.
1152 3736 1178 3799 l,

135 3828 202 3881 722,
216 3807 254 3864 οοό
267 3831 293 3862 rr
305 3810 418 3863 ‘Euandre
431 3809 571 3879 καθιίραοαν
585 3812 637 3867 'cair
681 3833 708 3884 p.
720 3814 786 3880 342,
797 3832 862 3865 vers.
875 3831 955 3883 germ.

134 3889 241 3949 Μούσαις
258 3893 348 3962 Θρᾷκα
362 3887 381 3942 oi
394 3890 433 3946 ab
448 3892 557 3945 Βοιωτίαν
572 3893 637 3943 irror-
716 3892 754 3963 (4)
771 3895 811 3944 De
829 3894 973 3943 imminenti
990 3893 1018 3943 L.
1031 3892 1060 3941 L.
1076 3891 1178 3942 Seneot.

134 3971 253 4029 zioeme.
337 4024 341 4029 .
682 3990 704 4023 c.
718 3974 764 4037 Ill,
775 3973 799 4039 §.
813 3973 838 4024 8.

172 4052 211 4123 (3)
225 4050 443 4127 Papenstechents
456 4052 483 4101 in
495 4051 547 4102 Vit.
563 4050 637 4103 Phae-
716 4049 755 4121 (5)
766 4048 833 4101 Prol.
845 4048 890 4100 lib.
903 4049 951 4112 111,
960 4066 984 4098 v.
996 4064 1042 4113 20,
1054 4045 1100 4097 ubi
1110 4045 1178 4105 ride.

134 4131 193 4201 dci,
207 4132 318 4188 laudans
330 4130 414 4185 Persii
427 4131 479 4184 Sat.
494 4130 562 4183 Prol.
575 4150 598 4184 r.
615 4148 636 4182 1.
717 4128 756 4200 (6)
767 4130 833 4198 Aug.
846 4146 903 4198 cap.
916 4128 958 4179 ΙΙΙ.
