2648 4822
125 381 1162 412 mmmmmm

412 587 868 713 PRAEFATIO

320 880 364 973 J.
402 878 464 973 o.
501 878 549 971 s
588 876 961 972 scriwaau.

576 1136 718 1153 m

130 1308 253 1440 Quum
262 1360 339 1409 ante
349 1341 410 1407 hos
420 1345 535 1431 viginti
542 1342 1024 1432 etquatuorannosEditionem
1030 1345 1170 1427 Phaedri,

130 1474 201 1515 cum
217 1451 349 1516 selectis
363 1453 538 1515 Variorum
552 1453 653 1529 notis,
673 1451 793 1539 quibus
808 1475 896 1516 meas
911 1451 1095 1542 adjeceram
1108 1455 1173 1518 Ob·

132 1558 344 1635 servationes,
360 1555 393 1617 in
406 1555 514 1619 lucem
528 1555 723 1635 emisissem,
740 1579 801 1643 ego
815 1555 950 1644 quidem
960 1557 1175 1622 vehementer

130 1653 327 1749 gaudebam,
340 1662 617 1743 animadvertens,
634 1665 775 1752 opellam
788 1688 894 1727 meam
911 1667 1173 1757 qualemcunque

131 1769 211 1830 Viris
224 1766 331 1831 doctis
346 1789 414 1831 non
429 1764 652 1853 displicuisse,
664 1769 735 1832 imo
750 1791 829 1832 vcro
844 1791 862 1831 a
876 1769 1024 1855 plurimis
1039 1792 1174 1856 magnos

132 1867 204 1935 huic
214 1873 400 1959 impertitos
412 1893 482 1934 esse
491 1870 634 1958 plausus.
644 1874 759 1958 Neque
768 1874 864 1934 etiam
875 1870 1088 1958 subsequenti
1098 1888 1177 1934 tem·

132 2001 208 2067 pore
219 1977 402 2042 defuerunt
415 1977 584 2063 elegantiae
598 1993 631 2054 et
641 1977 798 2041 doctrinm
809 1976 906 2041 laude
919 1979 1087 2064 conspicui
1099 1978 1176 2052 viri,

132 2087 185 2172 qui
203 2106 312 2147 meam
332 2082 461 2146 Phaedri
483 2081 670 2145 Editionem
695 2081 837 2170 reliquas
860 2082 1000 2145 utilitate
1021 2080 1176 2169 superare

132 2206 301 2255 censerent
310 2192 363 2274 (t).
378 2191 448 2275 Ego
460 2210 555 2267 vero,
569 2204 605 2251 ut
618 2189 759 2274 ingenue
773 2190 889 2267 fatear,
906 2204 939 2251 et
950 2211 1012 2251 usu
1023 2187 1174 2266 edoctuS‚

133 2312 163 2356 et
179 2295 325 2356 virorum
343 2291 517 2356 doctorum
534 2293 697 2378 suffragiis
714 2293 874 2371 monitus,
896 2284 972 2356 mox
992 2293 1175 2378 intelligere

133 2403 229 2488 coepi,
249 2423 318 2463 non
337 2423 441 2487 pauca
460 2402 491 2463 in
513 2398 615 2463 hocce
635 2400 794 2487 opusculo
811 2423 881 2463 esse
900 2400 953 2463 vel
972 2423 1099 2479 manca,
1122 2400 1175 2464 vel

133 2530 198 2572 non
216 2509 292 2571 satis
311 2524 461 2571 accurate
477 2509 636 2594 exposita,
658 2530 725 2596 quo
743 2509 882 2571 maxime
899 2507 1065 2570 referendi
1081 2506 1176 2571 Codi-

125 2633 205 2674 veum
216 2611 306 2675 MSS.
320 2634 460 2674 necnon
477 2609 660 2675 editionum
674 2628 706 2674 ct
718 2613 915 2674 Versionum
929 2611 1072 2693 ludices,
1090 2635 1177 2700 quac·

133 2713 206 2778 dam
218 2738 307 2803 quae,
324 2716 384 2777 etsi
398 2715 505 2793 utilia,
522 2713 769 2801 interpretando
781 2731 891 2779 tamen
906 2715 1044 2780 Phaedro
1058 2739 1175 2804 parum

133 2820 287 2882 inservire
301 2816 506 2898 viderentur,
521 2817 678 2880 nonnulla
691 2819 802 2895 etiam,
818 2841 891 2905 quae
904 2837 1013 2884 essent
1024 2837 1080 2883 aut
1090 2820 1175 2883 male

134 2923 270 3012 digesta,
290 2940 347 2987 aut
366 2947 431 2987 non
449 2926 524 2988 satis
540 2923 650 2988 lucide
666 2923 836 3011 explicata3
857 2926 1015 2989 nonnulla
1030 2927 1175 3014 denique

134 3046 237 3092 textus
246 3029 329 3107 loca,
343 3026 458 3116 par'um
467 3028 640 3093 emendate
649 3027 896 3092 edita.Maxime
905 3046 974 3091 erat
982 3027 1175 3116 optandum,

135 3151 170 3197 ut
182 3137 275 3198 Notae
295 3136 414 3198 criticae
431 3157 450 3197 a
467 3134 601 3221 reliquis
618 3149 774 3218 separatae
792 3134 1059 3218 comparuissent.
1079 3136 1175 3197 Nune

135 3238 267 3303 demum
275 3242 364 3303 enim
374 3241 610 3327 intelligebam,
621 3241 677 3303 tali
685 3242 1067 3326 Notarumpermixtione
1077 3265 1174 3306 usum

134 3343 206 3408 libri
216 3343 382 3408 redditum
394 3368 464 3408 esse
475 3343 694 3407 difficiliorem
705 3359 737 3405 et
748 3343 979 3408 molestiorem.
995 3347 1066 3410 Hoc
1076 3347 1176 3434 igitur

135 3452 245 3514 eratin
255 3453 354 3530 votis,
366 3468 402 3515 ut
413 3453 439 3515 si
450 3449 582 3539 quando
593 3472 677 3513 nova
687 3447 814 3513 Phaedri
825 3448 950 3531 Editio,
962 3475 1014 3515 me
1025 3470 1176 3533 curante,

135 3557 168 3620 in
181 3557 297 3644 vulgus
313 3557 480 3637 ederetur,
500 3579 538 3620 ea
554 3557 689 3644 quidem
704 3554 794 3621 hisce
807 3575 993 3623 occurreret
1007 3561 1177 3643 omnibus,

136 3664 205 3725 etsi
218 3663 291 3725 fieri
304 3678 430 3750 posset,
445 3662 539 3728 novis
551 3678 644 3727 aucta
656 3662 866 3727 incrementis
878 3662 1035 3750 prodiret.
1048 3663 1176 3745 Quibus

136 3770 218 3832 votis
234 3791 277 3832 an
293 3791 378 3837 nova
390 3767 516 3846 Editi0,
534 3789 633 3857 quam
650 3767 769 3855 linguae
785 3770 909 3834 Latinae
924 3785 957 3839 et
971 3771 1177 3839 Litteraturae

168 3973 208 4044 (ι)
216 3972 276 4023 Vid.
289 3973 473 4045 Esclrenburpii
484 3973 512 4027 V
510 4013 516 4023 .
529 3972 567 4026 Cl.
578 3973 724 4025 Handbuclt
735 3942 782 4024 dei
791 3973 944 4026 llasst'schen
954 3974 1102 4036 litterator,
1114 3988 1182 4042 pag·

126 4053 199 4120 alss,
211 4053 274 4104 edit.
287 4056 317 4104 11.
329 4055 430 4108 Censor
441 4053 534 4104 doctus
546 4056 572 4104 in
585 4053 656 4128 Ath.
670 4054 731 4105 Lat.
742 4055 807 4107 Zeit.
823 4073 882 4107 ann.
899 4054 978 4123 1785,
991 4066 1054 4105 tom.
1067 4053 1103 4117 ss,
1116 4068 1185 4125 pag.
1235 4076 1242 4083 ’

139 4134 194 4202 195.
207 4131 418 4206 lanpeinpraef.
431 4130 465 4183 ad
475 4131 697 4205 Phaealrum,pag.
712 4149 754 4186 xv.
946 4144 949 4154 ·
