2648 4822
427 359 784 425 V1T.lPHAEDR1.
1089 357 1126 431 15

80 507 204 569 erravit
219 501 460 576 instituendum,
479 514 509 561 et
525 501 750 559 manumissum
771 498 911 560 libertate
930 501 1058 563 donavit
1075 505 1128 585 (r).

80 593 205 651 Litteris
220 604 324 650 autem
343 589 446 650 latinis
466 589 573 648 Romae
588 585 745 644 imbutum
763 585 857 646 fuisse
875 586 1057 666 Phaedrum,
1077 592 1128 651 vel

80 698 120 736 ex
130 677 223 759 Epir,
238 678 307 737 Lib.
319 677 378 749 lll,
390 695 419 733 v.
435 674 473 734 33
486 695 530 754 sq.
543 673 630 751 (alias
638 671 706 731 Lib.
720 672 772 746 lV,
785 673 879 745 XXV,
892 675 944 751 33,
957 675 1012 757 34)
1028 692 1129 759 potest

80 764 233 845 intelligi,
247 784 311 845 quo
322 763 393 822 loco
405 782 442 821 ex
454 762 549 819 Ennii
561 758 696 840 Telepho
712 780 835 818 versum
844 778 1013 839 memorat,
1033 784 1127 844 quem

81 872 113 911 se
126 873 261 935 puerum
271 850 432 933 quondam
446 849 553 930 legisse
566 861 703 923 testatur,
715 845 807 927 hujus
818 853 975 912 sententiae
988 875 995 911 z

225 999 315 1053 Palam
324 1002 418 1053 mutire
427 999 532 1071 plebeio
541 997 676 1072 piaculum
686 1010 733 1049 est.

79 1139 154 1197 Jam
167 1161 241 1202 vero
263 1144 288 1203 si
309 1144 536 1227 perpendamus
554 1143 707 1223 scripsisse
728 1155 850 1223 poetam
871 1141 992 1203 fabulas
1010 1144 1125 1222 latine,

80 1226 101 1282 i.
114 1245 141 1285 e.
155 1246 384 1292 sermoneterso
398 1245 489 1311 atque
500 1229 618 1311 polit0,
631 1230 835 1310 eumdemque
847 1250 936 1289 usum
944 1252 1006 1291 esse
1017 1255 1126 1313 genere
1180 1272 1187 1287 ·

81 1314 204 1375 dicendi
221 1321 355 1401 simplici
377 1332 407 1378 et
427 1318 541 1392 faceto,
563 1332 697 1376 veterem
717 1320 925 1378 urbanitatem
949 1321 1124 1384 redolente:

79 1403 134 1462 vix
152 1404 299 1467 credibile
316 1423 370 1483 est,
390 1409 525 1488 aliquem
546 1406 585 1465 ad
603 1408 697 1466 talem
709 1410 858 1467 sermonis
879 1408 968 1468 latini
982 1414 1123 1492 peritiam

80 1489 196 1551 alicubi
217 1496 377 1576 pervenire
398 1497 550 1577 potuisse,
565 1495 624 1552 nisi
643 1497 765 1569 Romae,
778 1510 808 1554 et
826 1495 922 1577 longo
942 1499 1066 1578 quidem
1085 1503 1124 1562 ab

79 1580 208 1641 ineunte
226 1585 358 1665 pueritia
370 1605 427 1644 usu
441 1585 490 1662 (2).
510 1583 679 1659 Quomodo
697 1604 799 1642 servus
813 1583 910 1644 factus
928 1588 968 1644 sit
979 1589 1125 1670 Augusti,

77 1666 179 1729 fateor
194 1692 245 1731 me
264 1677 388 1733 nescire.
409 1673 465 1733 Sed
478 1673 608 1733 dubium
622 1687 795 1754 potestesse
811 1674 947 1750 nullum,
960 1676 1124 1739 Octavium

77 1755 252 1835 Augustum
264 1774 419 1835 nostrum,
434 1780 531 1839 quum
545 1760 756 1840 perpolivisset
767 1759 872 1819 litteris
884 1763 1060 1842 ingenium,
1074 1767 1126 1825 ad·

77 1843 206 1902 semisse
222 1843 371 1922 libertati,
384 1860 475 1927 atquc
491 1846 568 1905 adeo
581 1845 747 1905 Phaedrum
763 1845 883 1905 Octavii
895 1849 1021 1928 Augusti
1033 1851 1127 1912 fuisse

77 1926 237 1990 libertum.
251 1934 288 1991 ln
300 1933 387 1992 libris
399 1935 484 1992 enim
498 1933 677 1993 fabularum
691 1934 772 1992 MSS.
786 1936 930 2014 expressis
951 1938 1049 1998 verbis
1061 1942 1125 2000 Au-

77 2020 155 2097 gusti
177 2035 307 2080 vocatur
330 2021 458 2081 libertus
480 2023 532 2101 (3).
554 2020 611 2079 Sed
634 2021 799 2079 Octavium
821 2023 992 2101 Augustum
1015 2028 1125 2088 intelli·

77 2105 218 2184 gendum
239 2130 320 2186 esse,
335 2113 416 2170 testis
429 2124 473 2168 est
487 2111 551 2190 ipse
567 2108 715 2169 Phaedrus
732 2129 908 2171 memorans
922 2113 1008 2173 litem
1020 2137 1039 2175 a
1059 2116 1124 2178 divo

76 2194 212 2276 Augusto
224 2195 441 2279 dijudicatam,
454 2197 587 2257 addens:

222 2358 357 2426 Narrabo,
368 2361 493 2411 memoria
504 2357 576 2431 quod
585 2359 685 2410 factum
695 2372 733 2411 est
743 2376 800 2411 mea
809 2360 855 2431 (4).

77 2495 152 2556 Non
165 2501 257 2578 pauci
269 2514 373 2563 tamen
388 2515 461 2561 sunt
481 2503 534 2582 qui
550 2499 716 2560 Phaedrum
735 2499 906 2559 libertatem
926 2502 1049 2562 Tiberio
1064 2506 1124 2564 Au-

77 2596 171 2663 gusto
184 2584 296 2646 debere
312 2590 486 2648 existiment
497 2588 552 2668 (5),
566 2610 584 2647 a
599 2588 712 2669 quibus
736 2602 813 2646 recte
832 2587 971 2647 dissentit
985 2589 1126 2650 Derbilio·

77 2674 147 2731 rrius
159 2672 213 2753 (6),
231 2678 286 2755 qui
306 2691 416 2759 praeter
435 2691 631 2758 argumenta,
648 2690 712 2735 eta
726 2696 775 2735 me
787 2676 894 2757 paullo
913 2691 1124 2752 antenotata,

77 2756 140 2841 boc
155 2760 189 2818 in
201 2761 339 2824 medium
359 2764 505 2847 protulit:
520 2790 534 2820 a
550 2762 645 2839 Mihi,
660 2766 769 2845 inquit,
791 2761 965 2843 conjectura
985 2763 1022 2822 de
1034 2766 1124 2825 Octa-

77 2845 133 2904 vio
150 2845 243 2928 longe
261 2850 455 2931 probabilior
468 2851 599 2910 videtur.
617 2853 740 2910 Etenim
766 2852 942 2910 manumitti
961 2850 1125 2910 Plraedrum

77 2936 220 3013 oportuit
234 2937 275 2995 ob
290 2938 477 3018 elegantiam
490 2940 623 3019 ingenii,
640 2939 850 3017 sermonisque
863 2937 952 2995 latini
963 2939 1125 3018 peritiam:

77 3035 245 3100 quasartes
256 3037 286 3082 et
298 3025 451 3106 profuisse
462 3027 581 3085 nemini
594 3023 678 3108 apud
691 3025 868 3098 Tiberium,
881 3020 1126 3105 horumtempo·

77 3129 151 3166 rum
162 3107 292 3171 historia
306 3116 378 3174 satis
392 3113 540 3190 ostendit,
553 3128 583 3172 et
595 3114 700 3194 aliquo
715 3114 766 3170 vix
781 3109 945 3170 inhonore
960 3110 1054 3169 fuisse
1070 3112 1124 3174 illo

76 3211 244 3274 regnante,
256 3201 407 3275 versibus,
421 3200 530 3283 Sejano
553 3199 654 3261 adhuc
675 3199 834 3282 superstite
850 3199 1041 3278 compositis,
1060 3201 1125 3282 ipsc

113 3384 273 3458 (1)Harlesii
282 3393 364 3446 Notit.
376 3396 492 3446 Litterat.
504 3396 579 3447 Rom.
625 3391 771 3445 Borriclzius
784 3390 817 3443 de
831 3392 903 3442 Poet.
920 3410 946 3461 p.
965 3389 1012 3453 55;
1026 3391 1130 3463 Lipsius

74 3484 104 3538 p.
119 3466 186 3533 4353
200 3472 298 3524 Cnrsius
309 3471 325 3523 l.
340 3493 362 3526 c.
374 3494 401 3545 p.
413 3474 474 3527 350.
626 3473 659 3524 ad
669 3474 758 3524 Senec.
769 3470 874 3523 Consol.
885 3469 974 3541 Polyb.
986 3490 1008 3522 c.
1019 3473 1125 3536 xxvl1;

112 3545 393 3624 (2)DesbilloniiDisp.
403 3556 445 3603 cit.
454 3553 531 3623 p.Vl,
540 3570 578 3624 sq.
624 3550 774 3603 Buclmerus
784 3553 858 3605 Orat.
870 3550 901 3600 T.
913 3550 949 3615 ll,
961 3551 1006 3602 Or.
1021 3568 1050 3616 2,
1062 3552 1122 3603 coll.

112 3624 154 3696 (3)
165 3626 194 3677 ln
205 3627 270 3680 Cod.
283 3629 377 3682 Pitheci
387 3634 513 3702 scriptum
524 3644 578 3682 est:
623 3633 700 3683 Fabri
712 3631 789 3685 Thes.
805 3631 896 3683 vocab.
905 3629 1044 3691 Phaedrum
1053 3645 1079 3682 et
1089 3633 1122 3683 A.

76 3704 186 3757 Ptaedrt
195 3705 264 3780 Auq.
277 3708 332 3761 Lib.
344 3711 466 3761 secundm
477 3710 577 3779 incipit.
623 3710 723 3763 Schotti
739 3710 839 3763 observ.
856 3711 885 3759 1..
901 3710 936 3774 ll,
954 3727 1012 3779 cap.
1034 3727 1077 3779 19,
1093 3725 1123 3762 ut

73 3788 109 3839 V.
122 3784 191 3837 Gud.
203 3789 233 3838 ln
243 3788 289 3841 MS
301 3792 372 3842 llem.
384 3805 453 3862 post.
466 3792 495 3841 L.
505 3793 536 3841 V.
549 3791 577 3840 F.
624 3791 742 3841 omittam
752 3787 825 3840 alios.
836 3787 953 3859 Morbos.
964 3787 997 3839 de
1006 3790 1121 3842 Patavin.

73 3866 109 3918 X.
122 3864 224 3920 Phaedri
233 3868 301 3944 Auq.
313 3868 468 3921 liberaliter
476 3869 581 3942 quintus
623 3871 688 3922 Livii
696 3890 723 3941 p.
737 3870 795 3940 157,
804 3870 884 3921 haeret
894 3868 1123 3938 ambiguus,th

73 3946 185 4019 explicit
189 3947 315 4019 feliciter.
323 3947 382 4000 vid.
393 3950 463 4000 Brot.
624 3952 700 4004 drum
709 3951 842 4005 Libertum
850 3949 968 4025 Augusti,
977 3948 1018 4003 vel
1029 3950 1123 4004 Tiberii

112 4025 153 4099 (4)
163 4028 219 4080 Lib.
231 4031 280 4095 lll,
291 4030 320 4079 F.
331 4030 370 4095 X,
382 4031 412 4096 8,
424 4029 467 4099 39.
626 4028 768 4102 appellans.
963 4026 966 4033 ¹

114 4108 580 4185 (5)Sctefserrsinvit.ehaedrt01.
659 4108 698 4183 (6)
709 4111 783 4182 Disp.
795 4109 838 4160 cit.
850 4126 877 4179 p.
890 4121 935 4182 vri,
