2648 4822
196 377 238 455 u
537 344 541 351 '
571 369 636 431 uu
659 367 865 430 Panum

194 514 321 599 perdum.
334 505 516 591 Lesseur'llets
525 528 562 564 ue
570 518 636 564 sont
641 507 725 587 point
735 509 863 586 separes,
875 503 937 564 erte
948 507 1161 589 totitfaitsuite.
1172 509 1248 571 Vid.

196 602 266 665 Not.
280 601 373 659 Gabr.
387 595 513 656 Brotier.
529 615 599 674 pag.
620 612 684 672 171,
699 615 743 673 sq.
757 593 905 653 Codicem
918 590 1031 652 Pithoei
1046 613 1064 653 a
1077 596 1253 656 recentiore

196 712 293 752 manu
306 699 475 748 correctum
484 703 562 756 esse,
576 682 691 764 probat
702 684 832 741 varietas
844 682 984 742 lectionis
1000 683 1033 743 in
1042 683 1150 743 eadem
1161 705 1251 745 voce.

196 782 243 841 lta
255 781 309 839 lib.
325 778 349 850 1,
368 772 431 831 fab.
450 770 608 845 XXX1,8,
629 790 792 851 perperam
813 769 1012 831 emendatum
1031 771 1253 858 estjtmctofoe·

196 871 261 931 dere
272 885 329 950 pro
344 867 398 922 icto
402 859 524 944 foedere.
541 858 619 917 Vide
629 859 656 917 V
668 859 785 919 librum
796 859 836 919 ad
846 862 952 919 locum
961 863 1100 938 citatum,
1111 878 1146 922 ut
1158 865 1254 924 omit·

195 975 260 1021 tam
274 956 344 1027 alia,
360 972 415 1010 suo
428 950 497 1009 loco
513 947 717 1009 observanda.
734 949 824 1008 Recte
837 962 942 1011 autem
954 951 1013 1008 viri
1029 949 1113 1010 docti
1131 953 1252 1012 miran-

195 1065 248 1111 tur
266 1044 403 1105 codicem
424 1051 631 1097 memoratum
651 1056 717 1096 non
737 1038 871 1098 inveniri
890 1039 923 1096 in
938 1039 1080 1120 catalogo
1093 1041 1253 1103 librorum

197 1135 383 1214 scriptorum
400 1146 480 1206 quos
498 1125 605 1184 Petrus
624 1122 769 1191 Pithoeus
779 1125 856 1184 olim
875 1125 1060 1207 possidebat.
1082 1126 1130 1187 Cf.
1145 1130 1204 1191 Vie
1216 1127 1255 1188 de

196 1227 294 1283 Pierre
306 1215 410 1276 Pithon
424 1214 492 1296 (par
505 1212 656 1294 Grosley),
671 1214 773 1288 Paris,
789 1215 874 1294 1756,
888 1214 977 1290 inv80,
989 1227 1066 1274 tom.
1081 1216 1120 1289 11,
1133 1237 1165 1297 p.
1179 1215 1251 1297 275.

197 1311 254 1373 Sed
273 1303 459 1390 quacunque
480 1303 518 1361 de
536 1323 628 1361 causa
646 1301 741 1361 fuerit
763 1304 908 1378 omissus,
922 1316 1001 1363 certe
1020 1305 1180 1365 averitste
1195 1306 1252 1365 ab·

196 1400 325 1461 horrent
341 1415 409 1476 quae
429 1392 512 1452 libro
530 1393 623 1451 citato
643 1406 750 1452 notata
764 1405 837 1452 sunt
848 1393 923 1454 :J'ai
943 1401 995 1454 orti
1011 1393 1072 1454 dire
1091 1393 1161 1475 qu'il
1178 1398 1254 1455 eluit

195 1491 279 1572 passe
296 1486 370 1545 dans
394 1482 424 1542 la
446 1479 635 1560 bibliotheque
653 1481 739 1542 d'une
759 1487 967 1543 communitate
985 1482 1021 1543 de
1037 1485 1149 1558 Reims,
1160 1497 1200 1545 ut
1212 1504 1251 1544 ex

197 1578 234 1635 iis
247 1572 401 1635 constabit
411 1590 480 1651 quae
490 1589 563 1628 mox
575 1569 727 1628 dicentur.
742 1571 787 1629 Ex
802 1568 965 1631 Pithoeano
981 1570 1100 1646 codice,
1111 1591 1178 1630 non
1193 1573 1252 1635 Re-

198 1665 296 1724 mcnsi
317 1663 367 1742 (ι),
391 1659 578 1732 concinnata
604 1671 648 1723 est
668 1659 771 1740 prima
792 1658 918 1720 Phaedri
942 1660 1057 1736 editio,
1084 1672 1252 1722 accurante

196 1754 288 1813 Petro
303 1748 435 1822 Pitlroeo,
445 1746 482 1806 de
494 1767 556 1826 qua
570 1743 652 1804 infra
664 1746 705 1825 (a)
718 1747 856 1828 exposui.
873 1747 1041 1828 &regium
1054 1761 1157 1807 autem
1168 1746 1253 1807 illud

198 1838 391 1921 antiquitatis
412 1835 657 1907 monimentum,
681 1834 768 1913 quod
788 1855 860 1894 cum
878 1834 1005 1916 reliquis
1022 1833 1145 1895 Phaedri
1163 1833 1252 1894 codi-

198 1928 285 1987 cibus
294 1925 418 2009 periisse
428 1920 558 2005 putabat
570 1921 756 2002 Lessingius,
765 1921 1010 1983 communicavit
1018 1924 1059 1981 Le
1069 1919 1205 1981 Pelletier
1214 1921 1251 1983 de

198 2013 349 2087 Rosurtbo,
370 2024 491 2072 senatus
510 2008 671 2088 quondam
694 2010 871 2091 parisiensis
895 2031 1004 2092 praeses
1015 2010 1079 2090 ,(3),
1101 2030 1173 2068 cum
1201 2010 1250 2070 Cl.

118 2103 122 2117 “
199 2104 319 2169 Broticr,
333 2100 385 2180 qui
399 2100 477 2158 circa
490 2118 609 2155 annum
621 2116 830 2169 crarocctxxx,
845 2097 948 2157 denuo
962 2098 1096 2157 contulit
1106 2110 1136 2156 et
1148 2098 1252 2158 varias

200 2187 313 2248 codicis
335 2187 480 2245 lectiones
501 2184 534 2240 in
554 2183 737 2243 adornanda
758 2206 841 2243 nova
862 2184 985 2246 Phaedri
1000 2185 1137 2245 editione
1153 2183 1195 2266 (4)
1216 2187 1252 2246 in

199 2297 273 2337 usus
287 2295 358 2335 suos
378 2271 544 2333 transtulit.
567 2274 659 2331 Forte
670 2285 763 2331 erunt
777 2275 830 2352 qui
852 2295 973 2334 mecum
987 2287 1108 2357 optent,
1127 2289 1164 2334 ut
1176 2276 1252 2336 viris

201 2365 299 2425 doctis
318 2383 397 2444 quos
412 2362 550 2421 codicem
565 2377 774 2431 memoratum
794 2363 828 2421 in
849 2364 995 2424 manibus
1013 2362 1157 2424 habuisse
1175 2384 1254 2424 con-

201 2468 274 2528 stat,
294 2450 431 2525 Pithoeo,
446 2449 595 2530 Rigaltio,
613 2449 733 2525 Gudio,
752 2451 901 2510 Brotierio
916 2452 1094 2534 placuisset,
1116 2450 1250 2535 descrip-

199 2544 319 2603 tionem
333 2542 422 2615 libri,
441 2552 580 2600 accurate
592 2554 622 2599 et
636 2539 808 2620 diligenter,
831 2554 866 2602 ut
886 2542 985 2602 solent
1000 2543 1114 2616 critici,
1134 2540 1250 2604 factam

201 2651 273 2690 cum
285 2628 396 2688 harum
404 2648 507 2687 rerum
515 2628 634 2708 cupidis
642 2630 881 2690 communicare.
893 2631 999 2707 Quum
1007 2631 1092 2690 enim
1099 2629 1195 2689 codex
1203 2631 1255 2690 Pi·

200 2715 276 2777 thoei
291 2738 327 2776 ex
345 2716 490 2775 omnibus
503 2712 625 2775 Phaedri
640 2718 857 2798 manuscriptis
871 2719 909 2776 sit
920 2718 1045 2792 unicus,
1061 2718 1116 2797 qui
1130 2730 1253 2778 atatem

200 2804 282 2879 tulit,
298 2805 323 2864 is
339 2802 464 2884 quidem
478 2816 673 2862 momentum
691 2802 766 2861 facit
784 2805 818 2862 in
834 2806 1058 2878 controversia,
1075 2805 1254 2864 recentiori·

199 2894 258 2955 bus
269 2893 461 2976 temporibus
474 2891 511 2950 de
523 2893 706 2972 antiquitate
718 2892 899 2952 fabularum
909 2892 1031 2953 Phaedri
1043 2906 1158 2954 exorta.
1170 2890 1252 2955 Cum

201 2978 369 3041 histamen
382 2979 592 3061 comparabis,
608 3000 677 3061 quae
691 2979 790 3056 infra,
810 2981 843 3039 in
862 2981 1054 3064 disputatione
1072 2981 1108 3041 de
1125 2980 1253 3041 Phaedro

237 3191 276 3264 (1)
284 3195 453 3247 LeNouveau
461 3194 704 3248 Dictionnairehist.
784 3197 853 3248 Cette
866 3197 989 3248 assertion
999 3193 1031 3246 de
1043 3191 1193 3246 l'estimable
1203 3213 1253 3245 au·

203 3284 266 3322 tom.
277 3274 336 3338 Vll,
348 3293 409 3345 pag.
426 3275 488 3345 193,
500 3275 555 3328 hec
572 3277 703 3326 continet:
747 3285 803 3326 teur
817 3276 852 3326 du
864 3276 993 3327 Nouveau
1004 3274 1184 3324 Dictionnaire
1195 3270 1252 3324 his-

206 3348 348 3412 «Franpois
359 3353 457 3403 Pithon
469 3353 525 3405 leur
534 3353 705 3425 (auxfables)
745 3356 849 3426 torique
863 3352 1024 3422 (Cbaudon)
1037 3362 1073 3402 est
1086 3351 1207 3407 destituere
1221 3352 1254 3403 de

203 3427 318 3478 redonna
335 3427 361 3478 ἱα
378 3429 501 3495 lamiae,
520 3450 550 3480 en
571 3432 607 3483 les
625 3434 705 3485 tiraut
746 3436 972 3506 toutfortdemertt.
984 3432 1036 3502 (Β.)
1134 3488 1136 3493 ‚

203 3509 234 3560 de
244 3508 270 3558 la
280 3507 496 3581 Bibliotltequede
504 3512 663 3562 Sciat-Remi
672 3514 704 3563 de
779 3513 817 3583 (a)
824 3512 883 3563 vid.
893 3511 1009 3562 Iudicem
1018 3510 1169 3561 Editionum
1178 3508 1253 3562 Phae·

202 3579 320 3641 dicimur}
342 3588 406 3654 Qua
426 3590 448 3639 si
461 3607 521 3640 vera
541 3603 617 3655 sunt,
635 3593 704 3642 forte
744 3591 785 3642 dri
801 3592 835 3642 ad
849 3610 949 3642 annum
965 3591 1045 3660 1596,
1061 3590 1120 3642 coll.
1137 3591 1172 3642 ad
1187 3609 1249 3644 ann.

204 3669 333 3738 conjicere
354 3669 453 3736 possis,
474 3666 599 3718 Codicem
618 3670 645 3719 in
666 3669 705 3719 bi·
748 3673 823 3740 1599.

203 3745 335 3798 bliotheca
347 3744 461 3816 quadam
471 3747 606 3810 Remensi‚
615 3749 704 3798 nescio
779 3751 818 3820 (3)
837 3751 869 3801 Ge
878 3752 1001 3820 precieux
1012 3751 1154 3802 manuscrit
1172 3752 1253 3802 existe

205 3823 270 3898 qua,
288 3844 303 3875 a
319 3825 411 3875 Franc.
428 3823 530 3875 Pithoeo
544 3841 601 3874 esse
614 3825 706 3877 inven-
745 3847 836 3880 encore
853 3829 971 3901 aujourd
972 3830 1018 3881 bui
1033 3831 1097 3880 daus
1115 3829 1142 3880 la
1160 3829 1252 3882 biblio·

204 3921 268 3959 tum.
286 3907 426 3976 Utcunque
444 3918 533 3955 tamen
551 3908 638 3954 seres
656 3904 706 3954 ha·
747 3907 838 3979 theque
856 3910 887 3959 de
900 3912 939 3959 M.
954 3909 978 3960 le
990 3911 1099 3960 vicomte
1111 3909 1145 3958 Le
1164 3908 1253 3960 Perte-

203 3987 279 4055 beat,
290 3990 339 4039 iste
352 3985 446 4037 Pithoei
457 3984 546 4035 Codex
557 3983 641 4054 probe
652 3984 707 4036 dis·
747 3986 795 4035 tier
803 3986 833 4034 de
842 3987 967 4052 Romnbo,
976 3989 1036 4057 pair
1044 3989 1075 4038 de
1083 3988 1190 4038 Frartce.
1199 3985 1252 4058 (Β.)
1305 4036 1307 4039 .

204 4067 363 4140 tinguendas
377 4079 417 4118 est
428 4066 462 4117 ab
474 4064 556 4116 altero
569 4066 705 4130 Remensi,
781 4065 819 4135 (4)
828 4069 901 4118 Praef.
912 4070 1031 4120 Brotierii
1040 4089 1067 4140 p.
1078 4085 1118 4136 vt,
1130 4067 1190 4120 coll.
1204 4086 1251 4121 su·

204 4149 238 4201 de
248 4169 301 4222 quo
311 4167 371 4200 mox
380 4148 486 4200 uberius
496 4145 629 4198 disseram.
745 4164 795 4216 pra
804 4159 860 4198 not.
876 4165 885 4198 r
896 4187 904 4216 ,
916 4168 943 4221 p.
955 4148 998 4213 34.
