2648 4822
205 364 244 426 ,ἓ
549 334 667 399 vrrs
690 332 907 413 annona.

242 479 460 566 cujuscunque
466 474 856 558 generissalamitasfuerit,
863 477 896 548 in
901 497 997 558 quan
1004 478 1259 564 odioetpttrteeu·

202 574 288 635 tione
299 567 401 650 Sejani
414 563 563 627 Pbaedrus
578 563 641 631 fuit
653 565 863 647 precipitatus
876 565 926 646 (t),
941 580 1061 629 ceruam
1073 583 1119 633 est
1130 569 1258 644 diuitias

202 661 386 739 pentiquam
404 674 478 723 eum
492 653 658 725 reddidisse
682 653 907 727 calamitosum.
922 655 1029 731 Quum
1038 659 1125 721 enim
1138 659 1260 733 uideret

201 750 348 836 pecunias
356 743 1260 831 hiscetemporibusmultiscsseperuiciei,opumparwda·
1317 738 1321 749 ¹

201 861 273 915 rum
286 837 423 911 studium
436 855 530 899 omne
543 855 580 897 ex
594 833 700 910 annuo
714 833 843 910 delevit,
856 856 924 912 seu,
938 848 973 895 ut
983 837 1027 901 ait
1038 839 1123 915 Ptol.
1137 841 1195 915 ΙΙΙ,
1209 860 1257 915 aa,
1297 910 1300 918 Ι

202 949 309 999 curam
322 924 459 1000 habendi
478 924 601 1007 penitus
615 922 710 985 corde
726 925 826 997 ussit
848 923 884 984 ld
904 923 992 1005 quod
1012 925 1119 993 innuit
1138 927 1196 1001 lib,
1212 929 1259 1003 V,

199 1017 266 1077 fab.
279 1017 332 1090 lv,
344 1036 372 1096 7,
385 1016 418 1090 8,
431 1013 486 1075 ubi
499 1012 619 1087 scribit,
632 1023 704 1094 post
713 1026 889 1086 enarratam
900 1011 1043 1087 fabulam
1055 1011 1094 1073 de
1104 1015 1196 1091 asino
1210 1015 1259 1081 da·

202 1115 350 1176 treotante
372 1099 483 1176 hordei
503 1099 665 1177 comedere
690 1099 851 1181 reliquias,
874 1119 938 1182 quo
962 1101 1121 1182 saginamus
1143 1123 1259 1186 ροισι),

201 1193 329 1255 Herculi
343 1191 454 1252 deinde
464 1190 644 1249 immolatus
655 1188 717 1248 fuit
729 1213 736 1247 :

344 1331 429 1399 Hujus
438 1342 561 1398 respectu
571 1327 666 1393 fabulae
675 1326 815 1391 deterritus

345 1408 523 1463 Periculosum
535 1406 888 1479 semperreputavilucrum.
987 1401 989 1404 ¹
1039 1410 1073 1423 ''

201 1531 242 1591 Et
250 1529 390 1613 profecto
400 1545 475 1604 tuuc
485 1529 757 1615 opulentissimum
765 1542 920 1612 quemque
929 1550 948 1597 a
957 1525 1083 1601 Tiberio
1097 1528 1192 1601 variis
1199 1529 1262 1600 sri-

115 1608 122 1624 ’
201 1621 428 1681 minationibus
441 1621 657 1680 circumveniri
670 1618 811 1694 solitum,
820 1633 931 1702 praeter
943 1619 1036 1693 alios,
1045 1619 1210 1693 Suetonius
1219 1620 1261 1703 (a)

202 1723 233 1770 ct
245 1711 367 1770 Tacitus
379 1711 419 1791 (3)
433 1710 560 1784 docent,
574 1724 649 1769 teste
664 1707 821 1769 Scheffero
833 1705 883 1789 (4).
901 1710 1007 1790 Neque
1018 1710 1112 1768 etiam
1123 1709 1261 1769 dubium

202 1812 247 1859 est
271 1797 453 1872 Phaedrum,
474 1797 682 1857 calamitatem
703 1818 820 1879 magno
840 1796 991 1857 ferentem
1012 1798 1136 1872 animo,
1162 1818 1261 1857 reme·-

203 1887 292 1946 dium
313 1886 458 1946 adversus
468 1908 538 1946 eam
551 1887 673 1969 petiisse
687 1907 704 1946 c
717 1886 843 1960 litteris,
861 1898 891 1944 et
912 1884 952 1945 ad
970 1884 1180 1959 molliendum
1203 1885 1261 1944 do-

202 1977 302 2037 lorem
311 1978 464 2059 scripsisse
477 1978 613 2059 reliquos
627 1977 808 2052 fabularum
822 1976 920 2035 libros
934 1975 985 2053 (5).

243 2068 368 2147 Scripsit
387 2066 537 2127 Phaedrus
557 2068 694 2143 versibus
716 2066 844 2141 senariis
862 2064 1045 2137 fabularum
1061 2063 1261 2147 AEsopiarum

201 2156 301 2215 libros
317 2155 353 2212 V.
374 2154 430 2215 Sed
451 2154 489 2216 de
507 2166 595 2221 aetate
615 2177 678 2235 qua
694 2155 787 2230 vixit,
799 2168 830 2227 et
841 2153 880 2215 de
891 2169 1031 2235 tempore
1045 2173 1109 2234 quio
1123 2154 1262 2214 exaravit

201 2243 343 2316 fabulas,
360 2263 427 2301 non
446 2263 510 2316 una
528 2257 573 2301 est
588 2243 729 2313 uirorum
744 2241 996 2301 doctissimorum
1016 2242 1178 2319 sententia.
1197 2244 1262 2303 Gu-

200 2330 271 2390 dius
282 2340 409 2402 ‘actatum
427 2328 492 2417 ejus
510 2330 550 2396 ad
561 2331 677 2390 Tiberii
690 2331 903 2413 principatum
919 2329 1128 2408 referendam,
1141 2333 1261 2414 ipsum-

225 2440 263 2479 ue
274 2419 400 2479 Valerio
414 2416 554 2495 Maximo
576 2419 706 2502 aliisque
720 2418 785 2501 ejus
807 2421 865 2480 aevi
886 2421 1088 2505 scriptoribus
1104 2420 1261 2502 aquatam

199 2441 294 2570 duisse
316 2509 460 2569 censebat
479 2511 530 2592 (6).
552 2511 757 2582 Existimabat
777 2524 880 2580 autem
900 2507 957 2570 has
977 2509 1108 2579 fabellas
1130 2507 1259 2570 demum

198 2611 270 2682 post
281 2597 398 2659 Tiberii
409 2613 543 2674 mortem
554 2599 673 2684 publici
681 2600 758 2682 juris
771 2599 867 2669 iactas
877 2599 931 2680 (7);
943 2620 1043 2683 quum
1055 2618 1122 2658 non
1133 2619 1210 2672 vcro
1223 2599 1263 2659 si-

197 2687 273 2746 mile
281 2686 424 2748 videatur
432 2688 524 2748 illum
536 2684 647 2748 ausum
656 2683 751 2749 fuisse
761 2687 878 2749 fabulis
889 2687 952 2748 suis
964 2685 1262 2769 viventemimpera·

197 2791 298 2838 torem
310 2779 499 2856 immiscere,
511 2781 598 2861 quod
612 2779 902 2862 quam-periculosae
913 2778 989 2847 deae
1004 2798 1084 2861 opus
1091 2791 1187 2851 esset,
1197 2777 1262 2837 alia

78 2893 81 2898 ·
198 2863 263 2944 ejus
275 2867 424 2948 temporis
432 2868 630 2928 monimenta
641 2868 671 2929 ci
683 2869 816 2950 probare
828 2867 1030 2942 videbantur(
1045 2865 1158 2929 deiude
1171 2864 1258 2946 quod

198 2952 341 3028 fabulam
362 2955 400 3015 de
413 2956 508 3031 Ranis
521 2975 624 3041 regem
636 2956 828 3038 petentibus,
841 2967 871 3014 et
883 2976 901 3015 a
912 2957 990 3021 Jove
1001 2951 1140 3044 hydrum
1151 2970 1259 3027 conse-

199 3043 291 3117 cutis,
308 3043 459 3128 Caligulm
471 3058 613 3144 tempora
627 3046 775 3128 respicere
793 3045 938 3133 putabat3
954 3041 1204 3117 uam‘Tiberium
1219 3039 1259 3101 de

199 3129 356 3212 Caligula,
378 3155 550 3211 successore
568 3157 643 3211 suo,
665 3135 765 3195 dicere
782 3134 910 3207 solitum
921 3135 1037 3207 :Exitio
1049 3151 1100 3204 suo
1114 3131 1260 3204 omnium-

197 3236 253 3309 que
263 3216 367 3302 Cctjum
381 3225 473 3297 viuere
479 3251 490 3301 ;
499 3238 528 3286 et
548 3248 577 3287 se
591 3227 733 3294 natricem
740 3222 847 3308 populo
857 3243 981 3298 romano
990 3219 1183 3295 Phaetonteas
1190 3217 1257 3280 c'rbi

198 3318 340 3379 simitum
354 3310 488 3391 educare,
499 3329 574 3377 teste
585 3317 729 3390 Suetonio
738 3316 788 3397 (8).
801 3313 939 3397 Speciem
947 3309 1066 3385 babent
1077 3322 1263 3391 argumenta

227 3491 268 3562 (¹)
294 3491 395 3567 Capitis
418 3500 566 3568 perieulum
590 3506 700 3574 naama
780 3496 1202 3572 (amanammusmvimaptc
1216 3511 1258 3565 19.

192 3571 333 3625 discrimen
346 3575 469 3643 subiisse,
482 3581 589 3649 conjicit
599 3580 701 3647 Desbii·
780 3578 820 3651 (4)
828 3580 888 3639 Vid·
902 3579 1028 3637 Seheffer.
1038 3579 1067 3629 in
1073 3578 1135 3632 Vita
1144 3573 1257 3626 Phaedri.

810 3661 821 3732 )

74 3707 80 3714 ,
192 3651 278 3704 ionius
289 3653 363 3725 Disp.
378 3657 698 3731 cit.pag.V111‚april.
780 3659 809 3730 (5
832 3658 900 3711 Prol.
912 3658 958 3713 lib.
972 3660 1019 3724 111,
1032 3657 1095 3723 (1...
1109 3654 1152 3736 d(

191 3736 240 3801 111,
258 3754 319 3788 20...
339 3736 380 3787 26.
396 3735 483 3806 (Alias
499 3739 545 3791 lib.
560 3741 604 3805 IV,
615 3741 700 3809 XXV,
781 3739 821 3809 (6)
834 3740 1000 3790 Burmannus
1012 3739 1039 3788 in
1050 3735 1124 3786 Praef.
1138 3732 1173 3786 ad
1183 3730 1254 3786 Edit.

191 3831 253 3868 ao...
273 3815 332 3885 26.)
347 3817 377 3866 In
389 3815 495 3868 vincula
506 3816 615 3889 publica
626 3819 700 3871 Pbae-
744 3817 847 3870 Phaedri
858 3836 919 3869 ann.
936 3817 1001 3887 1698
1013 3828 1040 3868 et
1055 3816 1131 3884 1718.
1239 3871 1241 3874 Α

189 3896 268 3948 dcam
276 3899 428 3968 conjectum
439 3898 534 3965 fuisse,
544 3899 615 3951 forte
626 3899 700 3953 colli-
778 3897 819 3970 (7)
829 3900 871 3951 Sic
884 3916 990 3972 quoque
1000 3899 1088 3949 risum
1099 3892 1215 3965 Rigaltio
1228 3906 1255 3946 et

189 3979 217 4045 gi
234 3991 324 4049 potest
342 3997 356 4030 e
375 3976 420 4029 lib.
440 3979 488 4045 111,
507 3978 696 4046 lx,3t;0011-,
746 3979 876 4032 Fabricio.

189 4058 257 4130 Epil.
271 4063 319 4127 IH,
336 4060 367 4115 15
380 4078 438 4134 sqq.
454 4096 457 4102 ·
753 4097 756 4104 ·
778 4060 818 4130 (8)
835 4059 917 4129 Galig.
935 4079 994 4131 oap.
1012 4060 1062 4121 x1;
1074 4061 1124 4111 Per
1136 4056 1253 4130 hydrum

223 4138 480 4214 (2)Tiberius,cap.
493 4138 537 4210 (9.
744 4137 878 4192 anaedro
888 4139 917 4192 C.
926 4137 1074 4210 Caligulam
1082 4139 1258 4204 notoriou-
1311 4187 1313 4192 .
