2648 4822
481 326 484 332 ’
510 346 776 412 rnnrtrro.
1135 348 1165 438 xj

116 486 304 560 cordantur
315 508 420 584 certe,
435 487 494 582 qui
507 505 679 558 noverunt
689 490 700 576 (
709 488 755 578 1),
769 484 844 554 illos
854 504 1007 581 pacatos,
1018 487 1167 576 sedatos,

115 630 234 699 graves
249 629 426 674 sermones
443 604 532 703 ejus,
552 601 680 672 hilares
696 601 803 670 ctiam
821 599 1017 689 interdurn,
1041 623 1074 672 et
1092 602 1170 674 dul-

117 744 188 807 ces,
212 739 244 789 et
265 718 423 816 quamvis
440 743 610 815 respersos
628 715 772 805 salibus,
793 722 930 811 semper
948 734 1067 786 tamen
1084 743 1171 788 vere·

119 833 270 921 cundos,
286 833 462 931 simplices
478 859 626 930 semper.
647 830 766 919 Quam
779 830 974 920 moderate,
989 858 1096 927 quarn
1113 834 1170 930 pie

118 967 151 1016 et
161 947 333 1044 religiose,
348 974 456 1046 quam
469 947 659 1017 christiano
672 946 792 1015 animo
811 944 967 1017 adversas
983 971 1035 1016 res
1050 967 1169 1044 pertu-

116 1061 210 1153 lerit,
227 1063 270 1135 de
288 1064 448 1135 societate
465 1065 570 1150 Jnsn,
595 1062 638 1132 de
656 1060 757 1133 solito
773 1060 961 1158 regimine,
982 1060 1025 1130 de
1043 1061 1169 1158 patria,

117 1175 160 1246 de
173 1177 293 1248 studiis
306 1178 473 1279 dejectus,
488 1176 597 1247 fidem
609 1176 744 1246 faciunt
754 1174 936 1272 sequentia
947 1173 1067 1245 verba:
1087 1209 1100 1239 a
1112 1202 1170 1246 an·

116 1317 207 1361 num
222 1293 299 1393 jam
319 1313 399 1363 ante
420 1291 526 1391 hujus
549 1291 656 1362 seculi
687 1290 816 1386 (seculi
841 1292 978 1385 XVlll)
1000 1292 1170 1390 sexagesi-

118 1434 221 1478 mum
248 1407 501 1506 disputationes
525 1407 662 1479 devita
687 1407 889 1506 scriptisque
910 1406 1064 1498 Phaedri,
1087 1435 1171 1481 cura

116 1522 284 1619 pertinaci
296 1549 335 1593 ac
346 1521 464 1594 labore
478 1522 584 1621 longo
596 1523 788 1611 instltutas,
802 1521 1037 1614 confeceram,
1050 1524 1170 1596 simul-

117 1663 187 1734 que
204 1638 474 1709 commentarios
488 1639 532 1709 ad
549 1638 654 1736 ipsius
668 1638 813 1710 fabellas
826 1638 1021 1738 adjeceram
1033 1639 1171 1738 amplis-

116 1748 245 1837 simos3
270 1769 303 1820 et
325 1749 391 1821 ista
412 1751 515 1822 etiarn
542 1752 677 1842 omnia,
703 1750 747 1821 ab
770 1750 977 1823 hominibus
1000 1754 1170 1826 societatis
1234 1800 1239 1810 ι

116 1867 206 1936 JESU
228 1864 369 1936 eruditis
390 1866 593 1964 approbata,
619 1865 828 1964 typographi
849 1865 984 1963 aliquot
1001 1867 1170 1964 parisien-

115 2004 184 2067 seS,
210 1977 275 2048 sub
293 1979 457 2077 auspiciis
472 1979 697 2049 illustrissimi
715 1978 849 2048 domini
869 1981 911 2050 de
928 1978 1170 2070 Moleslterbes,

116 2093 154 2164 in
192 2094 310 2166 lucem
343 2095 535 2167 emittenda
567 2093 749 2193 publicam
782 2117 1021 2193 susceperant,
1057 2123 1170 2195 quum

115 2210 349 2309 inexspectata
368 2210 544 2283 calamitas
564 2211 607 2281 de
629 2210 717 2281 meis
740 2238 798 2282 me
817 2212 939 2283 studiis
959 2212 1096 2313 dejecit,
1115 2240 1170 2286 se-

117 2323 270 2420 demque
285 2324 379 2423 apud
397 2344 527 2396 exteros
545 2351 697 2421 quaerere
712 2325 831 2423 coegit.
846 2360 859 2387 n

165 2442 193 2510 F
195 2441 414 2539 rancogallus
426 2441 655 2539 Francogallo
671 2440 713 2512 de
731 2441 851 2513 litteris
863 2443 954 2513 bene
968 2444 1090 2515 merito
1106 2445 1169 2515 de·

113 2552 232 2625 bitum
244 2553 371 2626 exsolvi
381 2554 529 2625 laudum
542 2554 710 2652 vectigal;
725 2554 845 2625 litteris
860 2554 1012 2644 deditus,
1026 2584 1099 2627 non
1111 2562 1185 2655 po·'

115 2690 229 2743 teram
247 2696 320 2757 non
339 2696 396 2741 eos
415 2670 590 2741 reminisci
611 2670 703 2760 dies,
724 2671 760 2740 in
783 2671 912 2769 quibus
935 2670 1025 2741 mihi
1049 2698 1171 2745 musa-

117 2811 199 2856 rum
208 2784 320 2857 limen
333 2785 460 2857 intrare
472 2785 628 2884 cupienti
640 2785 849 2857 benevolam
859 2785 1087 2885 protendebat
1101 2814 1173 2866 ma-

116 2927 207 2971 num
222 2898 479 2988 Desbillonius,
497 2927 553 2971 me
574 2899 762 2972 nominans
779 2928 860 2972 cum
875 2899 978 2971 laude
996 2920 1172 2972 auctorem

116 3014 284 3086 orationis
300 3013 415 3084 latinae
434 3040 455 3084 a
475 3035 632 3086 metune
649 3015 815 3113 temporis
830 3013 957 3085 habitae
972 3013 1009 3082 in
1031 3014 1172 3086 univer-

94 3186 96 3193 .
115 3131 215 3202 sitate
232 3129 429 3229 parisiensi,
449 3151 483 3202 et
497 3131 656 3228 opusculi
671 3129 781 3227 quod,
801 3155 918 3200 recens
936 3157 956 3200 a
972 3128 1115 3220 scholis,
1133 3131 1172 3204 in

116 3247 243 3346 vulgus
260 3246 370 3336 edidi,
387 3267 421 3318 et
434 3247 491 3316 cui
508 3247 645 3336 titulus,
664 3245 849 3344 Dictoques
864 3247 918 3316 des
934 3247 1059 3333 Morts,
1076 3267 1139 3318 etc.

169 3363 386 3452 Schwabius,
404 3363 441 3432 in
460 3362 529 3432 vita
547 3361 701 3450 Phaedri,
713 3346 762 3431 ln
781 3360 881 3432 variis
899 3360 1114 3451 excursibus,
1136 3363 1173 3433 in
1212 3441 1216 3448 ,

117 3478 246 3551 Notitia
262 3477 431 3550 litteraria
450 3478 494 3548 ad
515 3476 774 3548 Desbillonium
791 3478 916 3576 saepius
936 3477 1100 3549 lectorem
1119 3504 1175 3548 re-

116 3613 225 3665 vocat.
249 3593 376 3691 Operae
399 3591 504 3691 igitur
528 3591 679 3689 pretium
700 3592 774 3663 fore
792 3590 973 3679 duximus,
996 3591 1023 3662 si
1048 3613 1173 3663 nostrae

117 3705 203 3778 huic
227 3704 374 3778 editioni
395 3705 626 3778 insereremus
654 3705 748 3776 illius
776 3705 1044 3804 disputationes,
1072 3718 1103 3775 1⁰
1128 3706 1171 3776 de

119 3825 191 3896 vita
208 3823 346 3895 Phaedri
360 3824 428 3919 (2);
452 3836 486 3894 2⁰
507 3822 550 3893 de
570 3821 698 3893 fabulis
716 3822 873 3922 ejusdem
884 3854 893 3911 ;
918 3825 952 3894 3⁰
972 3822 1014 3922 de
1032 3820 1173 3894 fabula-

155 3992 195 4062 (r)
208 3991 237 4042 11
246 4003 353 4044 mourut
364 3990 388 4041 le
404 4009 434 4059 ¹9
448 4009 517 4043 mars
532 3993 607 4060 1789.
623 3990 725 4061 (Biogr.
740 3990 839 4060 Mich.)

155 4073 196 4144 (a)
208 4071 276 4124 Vide
289 4073 349 4122 infr.
364 4073 395 4122 Τ.
410 4074 434 4137 1,
450 4092 476 4142 p.
494 4071 542 4125 155
555 4091 593 4142 sq.
