2648 4822
210 437 484 501 TABUL'ARUM
509 436 1003 521 LlTHOGRAPHlCARUM.'
1088 453 1138 506 xv·

479 623 648 682 TABULA
669 622 731 683 lll.

115 789 170 850 Ad
177 811 248 874 pap.
262 791 336 872 439,
354 794 435 851 Tom.
447 793 471 850 Ι.
486 791 717 853 Ornamentum
727 805 770 852 est
780 814 796 852 e
805 794 930 853 Pictoris
942 791 1075 856 Vosculor
1082 812 1131 851 um

79 881 249 942 Graecorum
264 880 510 957 Tiscbbeinianis,
524 883 558 940 T.
577 883 621 956 ll,
638 904 670 941 n.
682 875 734 942 58.
752 880 913 942 Exhibitus
925 894 968 942 est
980 880 1131 956 servulus,

77 967 206 1028 indutus
223 968 342 1045 tunica,
357 981 520 1050 corrugata
535 969 622 1051 plicis
641 971 712 1031 scite
733 971 926 1051 compositis,
941 969 1074 1030 dominae
1087 990 1131 1028 sa·

77 1056 180 1133 denti,
190 1058 285 1120 altera
295 1080 392 1119 manu
401 1058 570 1141 speculum,
584 1058 677 1120 altera
688 1058 868 1141 penicillum
878 1061 1007 1136 tenenti,
1017 1080 1131 1141 aquam

79 1145 118 1204 ad
139 1167 251 1208 manus
267 1146 436 1208 abluendas
452 1146 642 1207 ministrans.
664 1148 758 1208 Plura
780 1145 867 1208 dabit
887 1149 966 1209 Nota
984 1147 1132 1228 Bittigeri

77 1231 115 1291 ad
131 1231 188 1294 lib.
202 1236 247 1312 ll,
263 1234 325 1294 fab.
340 1235 377 1307 V,
398 1255 461 1293 ιι...
482 1235 526 1294 ι3.

485 1406 656 1480 TABULA
677 1406 732 1464 lV.

121 1554 173 1613 Ad
180 1576 251 1639 paq.
268 1555 343 1633 464,
364 1561 444 1618 Tom.
460 1560 484 1618 Ι.
500 1560 608 1619 Servus
621 1581 714 1642 quem
731 1562 794 1619 istis
806 1559 925 1641 jocatus
941 1559 1042 1617 Caesar
1057 1555 1134 1615 allo·

76 1648 212 1725 quitur:
242 1649 337 1708 «Non
359 1649 494 1709 multum
516 1653 601 1730 egisti
622 1664 656 1718 et,
671 1672 763 1731 opera
787 1650 998 1731 nequidquam
1018 1648 1106 1734 perit.
1117 1671 1131 1702 o
1249 1701 1255 1710 .

83 1733 172 1792 Unus
186 1747 232 1793 est
244 1756 261 1794 e
277 1735 404 1796 servulis
415 1737 642 1798 venustioribus
655 1758 733 1820 quos
750 1739 872 1797 Veteres
885 1739 1032 1796 Auiones
1047 1753 1134 1794 voca-

83 1822 168 1883 bant.
192 1825 337 1886 Atriensis
358 1838 477 1902 noster,
497 1828 603 1887 tunica
624 1827 780 1903 destricta,
804 1825 990 1899 alticinetus,
1016 1822 1133 1882 alveolo

82 1909 188 1990 ligneo
206 1915 361 1989 munitus,
383 1936 445 1995 quo
466 1935 540 1974 mox
556 1928 737 1975 aestuantem
751 1914 885 1974 humum
899 1912 1142 1993 conspergebat,

80 2002 179 2058 comis
199 1999 295 2060 officii
310 2005 445 2084 pretium
461 2002 642 2083 desperans,
662 2005 770 2078 tristis,
793 2001 922 2062 demisso
936 2002 1049 2082 capite,
1076 2010 1164 2082 stat·

82 2101 155 2147 ante
169 2090 333 2152 Caesarem.

121 2177 253 2240 Exhibet
264 2195 294 2241 et
304 2182 411 2243 tabula
426 2184 555 2264 speciem
568 2182 661 2263 xysti,
676 2183 697 2242 i.
711 2202 736 2242 e.
751 2181 971 2242 ambulationis
983 2194 1054 2239 ante
1065 2198 1134 2260 por·

82 2271 178 2329 ticum
192 2271 353 2332 columnis
362 2285 392 2332 et
405 2272 519 2332 vitibus
532 2284 692 2331 exornata.

313 2421 576 2536 volusian
602 2463 903 2534 snouuoun.

493 2641 665 2700 TABULA
686 2641 723 2698 V.

123 2809 173 2868 Aa
179 2831 246 2892 paq.
264 2832 291 2884 r,
307 2811 387 2869 Tom.
401 2813 438 2869 11.
452 2810 681 2870 Adumbratum
692 2821 736 2869 est
748 2820 966 2868 ornamentum
980 2830 996 2867 e
1010 2809 1135 2867 Pictoris

82 2898 413 2974 Herculanensem.
429 2901 458 2975 l,
470 2900 534 2960 tab.
547 2919 637 2974 xxix,
652 2922 682 2982 p.
699 2899 764 2960 155.
782 2899 858 2976 Quae
874 2899 917 2957 ibi
928 2898 1080 2957 delineata
1094 2896 1134 2954 vi·

79 2992 159 3049 situr
172 2990 308 3070 pictura,
327 2988 448 3049 exhibet
462 2989 655 3064 columbam,
675 2991 709 3049 in
721 2989 852 3073 pulvino
864 2988 1016 3050 cathedrae
1030 2984 1135 3047 seden-

81 3092 158 3153 tem,
181 3091 210 3137 et
229 3079 306 3137 duos
329 3078 442 3138 Genios
463 3099 575 3160 pueros
597 3076 751 3153 ludentes,
775 3097 911 3159 quorum
933 3075 1008 3135 alter
1030 3072 1135 3133 dextra

80 3163 228 3226 frondem
242 3177 396 3248 myrteam
408 3178 512 3226 tenere
524 3164 661 3242 videtur,
677 3165 756 3225 alter
768 3175 931 3245 sceptrum.
944 3163 992 3223 Ex
1002 3160 1061 3222 hoc
1072 3182 1137 3222 mo·

81 3267 234 3338 numento
249 3256 302 3315 lux
316 3253 440 3315 affandi
454 3269 553 3338 potest
569 3253 682 3314 fabulae
694 3253 818 3315 Phaedri
832 3253 885 3314 lib.
900 3253 959 3329 Ill,
974 3251 1037 3312 fab.
1048 3253 1121 3312 Vlll
1128 3296 1136 3326 ,

82 3345 193 3425 inqua
206 3357 298 3427 poeta
314 3359 435 3419 narrat,
451 3344 550 3404 filiam
567 3345 776 3425 turpissimam
793 3356 822 3402 et
838 3343 991 3424 insignem
1006 3340 1137 3424 pulchra

82 3431 160 3494 facie
175 3433 294 3511 filium,
311 3434 459 3516 pueriliter
480 3433 620 3507 ludentes,
640 3434 721 3493 forte
742 3433 916 3516 speculum,
938 3434 971 3492 in
993 3430 1138 3492 cathedra

82 3524 191 3584 matris
202 3527 353 3606 positum,
370 3524 544 3606 inspexisse.
561 3524 632 3583 Non
648 3523 815 3584 obscurum
829 3537 887 3599 est,
903 3525 937 3583 in
949 3522 1057 3583 tabula
1070 3541 1139 3580 nos·

82 3625 131 3668 tra
141 3611 254 3673 similes
263 3610 399 3673 exhiberi
407 3612 507 3687 lusuS,
519 3625 550 3672 et
558 3609 688 3692 jamjam
701 3611 778 3671 vidit
791 3615 905 3673 Brotier
914 3612 986 3672 Not.
1000 3611 1039 3670 ad
1052 3607 1138 3668 Phae-

81 3697 130 3757 dri
141 3698 298 3776 fabulam,
316 3700 422 3783 paullo
437 3712 510 3760 ante
524 3702 661 3762 citatam.
676 3700 731 3760 Sed
749 3719 818 3782 quse
835 3700 928 3761 fuerit
944 3703 1074 3760 istorum
1090 3695 1138 3755 lu-

81 3786 196 3847 dorum
216 3796 330 3850 natura
352 3801 381 3847 et
401 3787 536 3864 indoles,
557 3787 683 3848 difficile
699 3803 743 3848 est
762 3787 900 3849 definire.
924 3786 1039 3848 Confer
1059 3784 1145 3848 dicta¹

83 3875 123 3935 ad
137 3876 264 3961 ltb2111,
276 3876 340 3937 fab.
354 3876 441 3954 Vlll,
457 3897 507 3937 a...
527 3877 553 3936 5.

489 4059 659 4118 TABULA
682 4061 737 4117 Vl.

125 4216 250 4302 Adpuq.
265 4219 320 4293 51,
342 4221 422 4279 Tom.
438 4221 476 4280 ll.
497 4221 534 4279 ln
552 4219 697 4281 eubiculo
713 4218 868 4279 columnis
886 4213 1051 4287 adornato,
1068 4231 1140 4270 con-

100 4356 104 4365 .
157 4334 178 4368 1.
975 4312 989 4361 b
