2648 4822
112 361 116 379 ¹
179 340 222 429 xij
419 339 449 400 J.
474 338 509 399 Β.
533 336 702 398 GAILII
727 338 994 402 PRAEFATIO.

178 505 258 549 rum
281 477 415 548 Phaedri
441 455 665 566 editionibus.
689 476 973 549 Existimavimus
997 479 1141 578 insuper
1164 481 1233 553 ali-

179 594 264 690 quid
285 594 368 664 buic
392 612 515 664 nostrae
538 590 682 662 editioni
698 589 921 682 defuturum,
942 595 971 665 si
993 595 1235 671 omitteremus

177 711 315 782 doctam
332 712 370 780 F.
387 709 487 806 Adry
504 705 776 806 disputationem
797 709 840 780 de
862 731 1012 806 quatuor
1025 713 1162 786 Phaedri
1181 741 1235 786 co

178 823 315 898 dicibus
327 825 393 919 (1),
409 821 492 894 dein
505 848 668 914 examen,
682 823 739 895 cui
751 824 847 896 idem
859 825 911 897 vir
922 824 1133 900 clarissimus
1146 831 1243 901 sub-'

63 933 65 937 ⁷
172 943 250 1044 jicit
258 968 364 1015 novas
376 941 512 1012 fabulas
521 941 682 1031 Phaedro,
697 969 738 1013 er
751 942 869 1013 codice
879 945 1073 1034 Perottino,
1084 947 1235 1019 attribu-

178 1079 229 1130 tas
248 1060 315 1153 (2),
335 1083 421 1155 quas
442 1055 487 1126 ad
508 1055 618 1127 fidem
639 1056 801 1128 editionis
819 1057 1051 1156 neapolitanae
1074 1059 1124 1155 (3)
1141 1060 1234 1160 juris

179 1171 313 1272 publici
337 1170 502 1260 fecimus,
521 1196 604 1241 cum
624 1171 938 1261 adnotatiunculis,
958 1199 1003 1244 ne
1023 1172 1061 1243 in
1083 1173 1235 1248 immen-

180 1316 261 1363 sum
276 1307 445 1359 excrescat
457 1287 638 1358 volumen.

231 1403 464 1494 Quumtotac
473 1404 631 1497 tantalet
640 1401 708 1474 alia
717 1403 808 1474 bene
819 1402 932 1475 multa
942 1402 979 1473 in
990 1424 1109 1476 nostro
1120 1404 1236 1480 indice

182 1522 405 1615 enumerata)
425 1518 528 1591 nobis
552 1517 742 1589 Phaedrum
767 1516 951 1590 edentibus
973 1544 1045 1590 sese
1070 1520 1239 1594 offerrent

184 1637 357 1726 subsidia,
381 1663 493 1736 pauca
509 1655 607 1707 erant
625 1634 773 1735 propriis
792 1634 925 1705 viribus
944 1654 1006 1705 aut
1023 1635 1139 1733 potius
1153 1664 1239 1712 nos-

185 1773 236 1824 tro
257 1751 413 1851 periculo
434 1748 644 1849 peragenda.
668 1752 836 1820 Attamen
857 1775 930 1819 non
950 1748 1097 1820 omnino
1118 1750 1239 1823 oleum

186 1868 376 1967 perdidisse
396 1867 463 1939 sibi
480 1866 654 1938 videbitur
670 1865 778 1937 lector
798 1864 957 1937 evolvens
976 1887 1107 1937 nostras
1125 1867 1240 1939 adno-

187 1985 331 2057 tationes
346 1983 395 2081 (Δ)
414 1983 461 2056 ad
479 1982 741 2082 prepositiones
760 1982 884 2054 latinas
901 2007 984 2053 cum
1001 1982 1116 2079 graecis
1133 1984 1243 2056 inter-

189 2099 277 2171 dum
289 2099 432 2170 collatas
445 2099 514 2194 (5);
529 2111 565 2168 2⁰
578 2097 842 2170 emendationes
856 2096 1026 2195 quasdam
1038 2117 1163 2170 nostrae
1175 2127 1245 2172 ver·

187 2217 294 2289 sionis
308 2215 455 2314 gallicae3
475 2216 511 2286 3⁰
527 2216 639 2285 varios
653 2218 847 2298 Excursus,·
863 2214 899 2303 [ιθ
917 2233 1072 2285 nostram
1089 2213 1244 2289 disserta·

190 2328 323 2401 tionem
349 2328 393 2397 de
418 2325 630 2425 quibusdam
653 2325 790 2397 Phaedri
813 2325 897 2397 locis
921 2324 965 2395 ad
992 2328 1243 2427 geographiam

191 2436 460 2540 pertinentibus,
488 2439 651 2537 scriptam
677 2438 816 2537 gallice,
843 2458 964 2536 utpote
992 2466 1011 2510 e
1038 2463 1155 2515 nostro
1185 2471 1245 2516 ex-

127 2556 130 2567 ’
192 2578 346 2658 eerptam
364 2555 561 2656 philologo,
583 2582 690 2654 quarn
711 2555 756 2627 ad
780 2555 912 2628 calcem
936 2557 1133 2655 posterioris
1157 2561 1245 2633 tomi

193 2673 352 2773 reperiet.

230 2862 271 2932 (1)
283 2858 343 2912 Vid.
361 2859 423 2910 ibid.
444 2877 471 2928 p,
490 2856 538 2910 185
553 2876 607 2929 sq.;
627 2871 653 2910 et
671 2859 793 2930 insuper,
810 2860 934 2931 Mapasin
950 2840 1117 2932 encyclopdd.
1135 2863 1246 2933 Mittin,

193 2945 221 2996 6‘
233 2962 297 2996 ann.
315 2943 397 3007 1800,
407 2940 438 2990 Τ.
451 2940 488 3006 ll,
499 2958 527 3010 p-
540 2939 589 3006 441
606 2959 643 3011 sq·

229 3023 268 3095 (o)
281 3024 349 3075 uid.
362 3042 390 3094 p.
410 3038 468 3092 197.

230 3103 270 3173 (3)
280 3104 352 3157 Annr
365 3102 441 3154 1811.
1201 3145 1202 3148 ,

230 3183 270 3253 (4)
286 3183 386 3234 Littera
403 3181 427 3233 G
449 3181 555 3235 duobus
574 3179 644 3257 [sic]
663 3182 738 3233 uncis
756 3179 871 3232 inclusas
894 3194 999 3234 nostras
1015 3181 1116 3234 indicat
1136 3180 1269 3238 adnota-x

195 3276 288 3315 nom.

231 3324 339 3412 (hvid,
351 3342 461 3410 passim
475 3355 501 3392 et
512 3344 539 3393 in
550 3343 670 3411 romeu,
682 3363 710 3415 p.
722 3340 790 3409 335,
801 3342 944 3394 Excursum
953 3342 982 3392 in
990 3359 1072 3413 praep.
1085 3340 1156 3412 ὑπὲρ,
1168 3363 1247 3416 quem

195 3423 306 3472 fortasse
319 3417 466 3489 longiorem
479 3420 556 3471 nobis
570 3421 734 3474 condonabit
747 3421 845 3488 lector,
859 3423 881 3473 si
892 3439 948 3472 rem
960 3423 1045 3492 ipsam
1058 3433 1085 3473 et
1097 3435 1248 3476 nostrarum

196 3499 412 3557 lucubrationum
423 3517 500 3552 curas
512 3504 636 3553 attentius
648 3502 813 3574 perpendere
826 3501 948 3555 voluerit.

911 3633 942 3703 J.
962 3632 1000 3702 B.
1019 3583 1123 3705 Gan.

578 3881 866 3911 ...ψ-
