2648 4822
138 340 178 405 26
357 323 377 335 “
480 333 598 402 vira
620 335 836 403 anunm.

133 505 203 545 >nou
223 485 354 544 obscure
374 481 482 562 colligi
504 494 606 564 potest
622 505 629 542 r
648 481 689 542 ad
710 485 891 567 Vespasiani
912 498 1032 568 minen,
1051 500 1107 554 aut
1125 496 1193 559 Do.

135 576 257 635 mitiani
269 587 411 656 tempora
425 573 459 631 in
472 572 550 632 vivis
563 572 672 649 fuisse,
686 574 773 656 quod
787 575 1046 657 Pagenstecbcrus
1061 599 1192 648 conten·

135 663 190 739 dit,
204 665 256 724 vix
270 677 314 724 est
323 661 482 724 credibile.

173 752 324 810 Naturam
337 748 493 810 *babuisse
518 749 686 811 Phaedrum
708 752 873 833 probitatis
899 768 992 838 atque
1016 757 1191 826 honestatis

129 854 305 915 amantem,
320 852 372 900 tot
385 843 514 921 egregiae
528 839 697 901 ostendunt
712 843 871 902 sententiae
885 865 953 925 quae
965 848 999 907 in
1017 847 1083 929 ejus
1096 850 1190 912 fabu-

134 927 236 987 larum
252 927 402 1008 opusculo
414 926 569 1009 leguntur.
585 927 621 987 ld
633 929 736 1009 ipsum
748 930 912 1010 probitatis
931 936 1116 1021 animosque
1131 939 1191 1002 bo-

83 1022 88 1028 '
135 1018 258 1078 minum
277 1017 389 1088 avitiis
408 1016 448 1076 ad
466 1018 613 1077 virtutem
632 1016 815 1077 traducendi
835 1020 989 1100 studium,
1004 1047 1071 1087 non
1087 1032 1193 1090 malus

93 1173 99 1182 1
135 1104 272 1180 animus,
284 1124 356 1164 eum
369 1103 409 1164 ad
420 1105 598 1166 scribendas
609 1104 732 1167 fabulas
744 1107 889 1168 excitasse
897 1110 1029 1189 videtur,
1043 1118 1193 1195 quemad-

135 1189 268 1252 modum
288 1213 305 1252 e
325 1194 431 1254 multis
450 1193 594 1276 opusculi
612 1195 660 1254 sui
682 1193 760 1254 locis
779 1195 953 1258 luculenter
977 1217 1114 1285 apparet.
1143 1207 1191 1266 Sic

136 1279 242 1340 scribit
254 1283 353 1357 Prol,
365 1284 422 1344 lib.
435 1285 479 1359 ΙΙ,
496 1304 527 1358 2,
541 1283 574 1357 3;
973 1301 976 1307 '

277 1420 334 1472 Nec
345 1420 416 1473 aliud
426 1421 571 1494 quidquam
580 1440 628 1492 per
637 1419 748 1472 fabellas
759 1423 896 1494 quaeritur,

278 1501 366 1568 Quam
376 1505 522 1572 corrigatur
530 1521 604 1553 error
612 1516 642 1553 ut
652 1499 810 1556 mortalium.

137 1623 528 1704 murmuratam·

278 1757 383 1834 Duplex
391 1762 473 1816 libelli
482 1762 531 1816 dos
541 1777 595 1815 est:
607 1762 680 1834 quod
690 1765 772 1815 risum
781 1778 881 1831 movet,

278 1841 311 1892 Et
321 1842 395 1913 quod
402 1842 527 1914 prudenti
536 1845 616 1894 vitam
626 1840 736 1894 consilio
745 1855 843 1894 monet.

136 1937 258 2037 Quibus
271 1961 409 2047 adjungo
422 1940 531 2026 locum
545 1965 629 2024 Prol.
644 1965 703 2039 ΙΙΙ,
715 1961 765 2046 49,
779 1963 834 2037 50;

279 2087 373 2158 Neque
383 2090 452 2141 enirn
459 2103 554 2140 notare
564 2087 681 2158 singulos
690 2105 764 2139 mens
775 2099 814 2138 est
823 2083 901 2150 mihi,

212 2213 215 2218 .
279 2166 377 2219 Varum
386 2169 472 2237 ipsam
480 2170 597 2235 vitamet
606 2185 692 2224 mores
702 2165 840 2224 bominum
849 2163 997 2219 ostendere.

51 2285 53 2289 ’
138 2290 208 2349 Huc
227 2313 352 2374 quoque
372 2294 570 2355 referendum
583 2295 671 2376 quod
684 2293 779 2354 habet
794 2295 849 2353 lib.
865 2295 905 2369 11,
917 2314 947 2352 v.
964 2295 996 2368 5,
1011 2290 1049 2352 de
1062 2292 1197 2354 ardelio-

138 2398 216 2439 num
229 2382 372 2459 natione,
389 2383 488 2442 multa
504 2384 625 2466 agendo
643 2381 724 2443 nihil
738 2394 864 2463 agente3

279 2512 356 2565 Hanc
366 2513 520 2580 emendare,
531 2515 553 2565 si
562 2529 651 2567 tamen
661 2533 784 2584 possum,
794 2511 864 2564 volo.

139 2630 176 2689 ln
195 2652 258 2713 quo
278 2647 383 2695 tamen
399 2635 520 2712 studio,
541 2659 643 2698 mores
660 2636 829 2697 bominum
842 2635 1034 2718 corrigendi,
1043 2633 1129 2716 justo
1142 2658 1197 2696 au-

140 2718 248 2779 dacior
261 2736 292 2780 et
306 2745 419 2805 parum
434 2737 543 2784 cautus
559 2726 771 2808 providusque
784 2723 893 2800 fuisse,
910 2736 940 2783 et
953 2723 1195 2806 urbemtpriuci·

138 2830 253 2892 pesque
263 2812 362 2874 nimio
380 2814 441 2874 sale
454 2813 634 2875 defricuisse
645 2810 803 2897 putandus
816 2826 869 2874 est.
882 2815 932 2893 (1)
948 2807 1026 2889 Quae
1038 2833 1137 2893 quum
1150 2813 1196 2873 ita

138 2901 217 2974 siut,
231 2901 376 2984 equidem
389 2903 490 2962 nolim
506 2905 693 2965 contendere
705 2925 776 2964 cum
788 2901 957 2978 Scheffero,
969 2901 1105 2983 primam
1124 2902 1195 2960 scri-

138 2989 314 3052 bendarum
320 2992 500 3054 fabularum
512 3014 650 3054 caussam
655 2993 749 3053 fuisse
760 2992 969 3052 calamitatem
976 2992 1009 3049 in
1016 3010 1112 3072 quam
1120 2989 1195 3050 odio

138 3089 169 3134 et
186 3082 398 3159 persecutione
418 3079 520 3162 Sejabi
540 3082 685 3143 inciderit
696 3079 861 3156 Phaedrus,
884 3079 955 3160 qui,
968 3098 1068 3160 quum
1086 3077 1115 3138 ei
1126 3099 1195 3138 uon

138 3163 261 3227 licuerit
273 3187 376 3253 aperte
389 3173 430 3232 ob
443 3171 653 3233 adversarium
665 3184 835 3255 potentem,
848 3169 968 3231 occulte
978 3167 1087 3227 saltem
1095 3178 1126 3226 et
1135 3167 1195 3226 sub

139 3253 309 3318 involucris
322 3261 502 3322 fabularum
513 3263 675 3323 fortunam
682 3281 844 3345 exponere,
853 3257 1114 3343 depingendoque
1127 3276 1197 3316 mo-

139 3360 185 3400 res
200 3341 265 3422 ejus
277 3358 307 3404 et
318 3347 451 3430 flagitia,
463 3351 550 3410 velut
561 3351 715 3411 ultionem
731 3369 852 3408 sumere
866 3347 1001 3428 ἀείρεο,
1016 3364 1108 3425 seque
1120 3365 1196 3404 con·

140 3429 234 3490 solari
241 3434 283 3493 sic
293 3441 467 3519 susceperit.
476 3442 522 3500 lta
533 3442 618 3501 enim
625 3439 773 3520 intelligit
780 3439 886 3499 locum
893 3435 988 3510 Prol,
995 3433 1050 3493 lib.
1059 3434 1113 3509 ΙΙΙ,
1125 3430 1197 3506 34...

139 3517 190 3594 4ο.
205 3521 263 3581 Sed
278 3526 490 3587 antecedentia
504 3527 630 3603 docent,
644 3550 719 3590 vero
731 3549 793 3588 esse
805 3525 1016 3598 simillimum,
1026 3521 1200 3607 Pbaedrum¹

140 3605 283 3684 demum,
297 3611 420 3673 duobus
432 3614 589 3694 prioribus
601 3615 781 3676 fabularum
792 3614 880 3673 libris
892 3614 926 3674 iu
936 3611 1049 3693 vulgus
1060 3609 1177 3673 emissis
1189 3652 1198 3684 ,

139 3695 175 3755 in
190 3695 299 3757 odium
319 3698 438 3759 venisse
452 3699 571 3782 Sejaui,
593 3703 728 3762 auctoris
750 3699 934 3761 calamitatis
954 3719 1033 3772 suae3
1055 3697 1196 3779 adeoque

81 3826 89 3832 -
138 3786 275 3869 primam
295 3784 477 3847 fabularum
494 3790 790 3854 conscribendarum
799 3810 941 3855 caussam
960 3808 1027 3846 non
1040 3785 1135 3845 fuisse
1150 3804 1199 3844 ca·

139 3874 329 3952 luminum,
352 3877 417 3938 imo
443 3899 517 3939 vero
540 3878 684 3941 homines
710 3878 898 3941 emendandi
923 3875 1119 3940 desiderium.
1148 3871 1197 3934 sd

141 3963 227 4043 quod
242 3964 405 4025 accedebat
416 3965 517 4026 laudis
530 3980 561 4027 et
572 3968 681 4048 gloriae
696 3968 863 4052 cupiditas,
877 3967 962 4029 illius
976 3963 1110 4025 manure
1123 3979 1199 4042 quar
1234 4003 1236 4006 ⁴

177 4141 403 4213 (1)Dasbillouius
415 4145 433 4199 l.
445 4164 468 4200 c.
478 4165 505 4220 p.
517 4162 572 4200 rur.
