2648 4822
128 392 130 397 .
179 345 234 407 xiv
460 342 756 408 EXPLICATIO
778 343 950 409 BREVlS

179 482 264 564 οἶμαι,
280 507 338 540 τινα
349 486 447 559 ὑφαίνει
462 486 551 559 μῦθον.
575 482 609 536 Τὸ
622 483 670 560 γὰρ
683 480 803 560 μειδίαμα
814 493 860 540 τοῦ
874 489 1026 561 προσώπου,
1042 488 1086 542 καὶ
1100 488 1125 542 οἱ
1139 487 1235 564 ὀφθαλ-

178 579 238 654 μοὶ,
256 577 322 632 κατὰ
334 583 378 640 τῆς
394 581 440 649 φῆς
454 574 558 635 ἑστῶτες
572 579 648 628 τοῦτο
662 570 794 632 δηλοῦσιν.
813 569 889 631 Οἶδεν
904 575 917 632 ὁ
932 579 1072 655 ζωγράφος,
1088 576 1127 633 ὅτι
1140 579 1168 633 αἱ
1181 584 1233 634 τῶν

176 670 261 745 μύθων
280 661 403 744 φροντίδες
420 664 549 737 ἀνειμένης
567 668 612 725 τῆς
631 661 718 738 ψυχῆς
735 661 844 718 δέονται.
866 665 1000 740 Φιλοσοφεῐ
1015 664 1042 722 δὲ
1059 667 1074 725 ἡ
1090 668 1171 745 γραφὴ
1188 670 1234 723 καὶ

178 758 211 816 τδι
232 760 282 814 τῶν
301 757 385 832 μύθων
406 755 521 827 σώματα.
543 755 626 830 (inpie
645 752 693 829 γὰρ
710 754 893 827 σνμὸάλλουσα
913 756 1067 834 ἀνθρώποις,
1085 755 1233 835 περιΐστησι

177 846 256 926 χορὸν
269 849 305 918 τῷ
317 844 443 915 Αἰσώπῳ,
456 839 507 896 ἀπὸ
518 847 563 904 τῆς
577 839 674 897 ἐκείνου
689 849 785 906 σκηνῆς
800 844 983 918 σνμπλοὶσοισα.
998 847 1128 924 Κορνφοιίιι
1142 842 1169 901 δὲ
1185 852 1233 901 τοῦ

175 1024 302 1080 animas
314 1018 472 1086 ὑποθέσιων,
492 1017 606 1093 ὥσπερὴ
623 1015 743 1092 κωμωδίοι
754 1023 790 1092 τῷ
805 1020 873 1093 help.
891 1017 928 1074 ln
943 1015 1002 1075 hac
1015 1017 1110 1098 igitur
1125 1015 1231 1076 Philo-

177 1109 264 1170 strati
275 1104 410 1183 imagine
424 1100 574 1194 acccdunt
584 1100 702 1183 Mytbi,
714 1124 864 1164 coronam
875 1104 1038 1165 frondeum
1048 1106 1147 1165 taeniis
1162 1103 1233 1166 reli-

177 1208 282 1277 gatam
296 1212 393 1251 manu
407 1201 558 1263 tenentes,
576 1210 638 1269 qua
652 1189 780 1270 cingant
794 1204 888 1272 caput
901 1193 1015 1273 AEsopi.
1033 1193 1102 1269 Qua
1117 1191 1231 1275 specie,

176 1306 239 1367 quo
251 1281 361 1343 habitu
374 1279 566 1353 accesserint,
581 1277 785 1339 Philostratus
799 1301 864 1340 non
878 1281 983 1356 docet;
995 1281 1112 1364 placuit
1122 1295 1230 1341 tamen

176 1371 288 1434 artifici
307 1369 430 1444 nostro,
450 1367 633 1450 Mythorum
655 1382 753 1450 partes
769 1363 904 1430 tribuere
922 1371 1026 1430 Geniis
1039 1370 1154 1452 pueris,
1175 1371 1231 1450 qui

177 1466 220 1524 ita
237 1461 400 1542 designati,
420 1479 461 1517 an
478 1454 538 1518 esse
554 1459 673 1539 possint
691 1479 747 1540 pro
764 1459 897 1543 Mythis,
916 1459 969 1518 alii
985 1460 1128 1519 viderint.
1150 1458 1231 1519 Mihi
1299 1456 1303 1464 ’

97 1554 98 1559 ’
176 1548 303 1632 quidem
317 1546 351 1605 in
364 1560 499 1606 mentem
513 1545 671 1621 veniebat,
685 1567 731 1613 >an
744 1543 825 1607 forte
839 1552 1002 1630 respexerit
1014 1547 1121 1607 artifex
1135 1547 1231 1607 verba

177 1636 356 1699 Philostrati
367 1659 373 1694 ε
386 1635 426 1714 ὑφ’
438 1635 471 1694 ὧν
483 1638 516 1695 τὰ
526 1635 617 1695 παιδία
627 1641 738 1716 μαθηταὶ
749 1642 864 1714 γίνονται
875 1645 926 1697 τῶν
940 1648 985 1697 τοῦ
997 1641 1054 1718 βίον
1064 1644 1228 1718 πραγμάτων.

67 1743 69 1746 ·
156 1723 159 1727 ’
177 1729 249 1793 lam
263 1744 335 1785 vero
354 1720 558 1783 Philostratus
574 1742 639 1781 non
654 1721 765 1805 diserte
783 1723 872 1800 dicit,
893 1727 1062 1807 AEsopusne
1076 1743 1231 1806 expressus

177 1817 272 1878 fuerit
284 1813 396 1887 sedens,
411 1812 462 1872 sed
478 1810 515 1870 fit
527 1811 688 1894 probabile
702 1814 841 1895 Heynio,
859 1815 929 1875 loco
944 1814 1151 1896 supracitato.
1169 1814 1230 1872 lta-

110 1932 112 1940 ’
178 1927 238 1988 que
254 1902 312 1964 hoc
326 1901 452 1963 nomine
467 1898 611 1959 laudibus
622 1900 838 1973 ornandusest
852 1901 1000 1977 Catelius,
1017 1903 1072 1983 qui
1086 1902 1178 1962 etiam
1195 1904 1230 1961 in

178 1995 301 2076 reliquis
321 1995 467 2074 AEsopum
490 1988 554 2050 fere
578 2004 680 2050 totum
705 2013 721 2050 e
744 1992 934 2053 Philostrato
959 1993 1111 2074 expressit.
1139 1990 1229 2074 Apud

178 2083 322 2146 eumdem
339 2083 466 2160 AEsopus
482 2079 690 2140 circumdatus
703 2093 746 2141 est
763 2082 971 2141 animantium
983 2079 1095 2156 choro,
1112 2101 1181 2161 quae
1197 2082 1231 2142 in

178 2172 242 2255 ejus
261 2168 374 2229 fabulis
394 2167 599 2243 celebrantur,
622 2170 703 2228 inter
723 2191 792 2251 quac
813 2171 952 2251 primum
972 2169 1079 2229 locum
1100 2166 1232 2251 occupat

178 2259 307 2339 Vulpes,
322 2254 492 2314 secundnm
504 2253 587 2314 haud
601 2254 694 2315 dubie
706 2258 821 2336 Lupus.
834 2259 939 2337 Lupus
953 2256 1036 2315 enirn
1049 2256 1198 2316 secundas
1213 2279 1231 2316 a

178 2348 279 2429 Vulpe
294 2357 394 2428 partes
410 2365 499 2425 agere
513 2343 589 2404 solet
600 2345 651 2423 (1)
667 2347 712 2404 Ex
726 2366 788 2425 quo
803 2345 932 2425 intelligi
951 2358 1063 2426 potest,
1078 2345 1231 2406 Catelium

180 2437 347 2519 prudenter
359 2433 466 2515 legisse
478 2433 620 2493 fabulam
635 2434 673 2494 de
689 2434 789 2515 Vulpe
803 2449 832 2495 et
846 2435 939 2495 Grue.
957 2436 1031 2495 Haec
1047 2456 1112 2494 una
1126 2447 1230 2495 autem

180 2527 208 2586 ei
226 2523 367 2586 sufficere
387 2523 564 2596 videbatur,
583 2523 622 2582 ad
639 2523 816 2583 notandum
832 2526 991 2605 AEsopum,
1008 2523 1231 2584 fabulatorem.

179 2617 284 2696 Neque
306 2614 401 2673 etiam
422 2612 455 2671 in
476 2625 542 2671 tam
563 2614 672 2693 exiguo
694 2615 792 2694 spatio
814 2615 868 2674 iste
889 2614 1099 2674 animantium
1118 2613 1232 2673 chorus

179 2705 342 2767 commode
353 2702 440 2764 reddi
453 2723 540 2784 posse
552 2703 724 2764 videbatur.

587 2876 758 2936 TABULA
779 2879 820 2938 li.

219 3046 270 3104 Ad
279 3066 346 3127 μορ.
358 3042 432 3123 359,
449 3043 530 3101 Tom.
541 3045 565 3101 1.
579 3045 669 3120 Haec,
682 3063 750 3124 quae
761 3043 858 3119 vides,
872 3045 966 3125 petita
976 3027 1049 3103 sunt
1059 3064 1094 3103 ex
1107 3047 1233 3105 Pictoris
1299 3111 1302 3128 ι

159 3131 462 3207 Ἠοιοιιὶιιηειιςίὑιω,
485 3134 520 3191 Τ.
539 3132 591 3208 lV,
616 3133 677 3192 tab.
701 3154 878 3215 xxxv11,p.
902 3134 966 3214 175.
987 3134 1104 3192 Visitur
1128 3147 1231 3193 antem

181 3244 312 3307 persona
323 3224 453 3303 tragica,
467 3223 503 3281 in
514 3236 671 3305 suggestu,
687 3222 727 3282 ad
744 3243 837 3303 quem
851 3244 904 3305 per
916 3223 1037 3303 aliquot
1051 3214 1164 3304 gradus
1177 3223 1231 3282 ad·

180 3309 350 3380 scenditur,
367 3310 512 3387 exposita.
531 3311 672 3385 Erudite,
690 3324 725 3368 ut
739 3309 828 3383 solet,
838 3306 841 3313 ’
851 3331 916 3370 rem
930 3309 1092 3391 explicavit
1104 3311 1234 3390 Bo'ttiqer

181 3400 218 3459 V.
233 3396 267 3455 G.
286 3393 373 3474 cujus
392 3397 506 3454 Notum
523 3397 588 3476 lege
605 3398 642 3456 ad
660 3398 713 3456 lib.
729 3399 757 3472 l,
777 3395 840 3456 fab.
854 3399 924 3470 Vll,
950 3419 977 3471 ι,
1000 3417 1028 3454 2.
1048 3395 1231 3478 Complures
1270 3470 1272 3474 .

180 3483 330 3568 ejusmodi
344 3503 490 3563 personas
504 3485 579 3544 caelo
593 3487 725 3545 redditas
738 3486 822 3544 vides
834 3485 914 3544 libro
928 3487 978 3544 cit.
993 3487 1080 3544 Tom.
1097 3485 1150 3557 lV,
1166 3483 1231 3542 tab.

150 3646 151 3655 φ
180 3596 312 3636 xxxin...
327 3592 436 3646 xxx1x,
449 3574 481 3630 it.
495 3594 525 3654 p.
544 3594 593 3648 rr,
618 3596 665 3654 19,
687 3578 739 3647 23,
760 3574 813 3648 25,
836 3575 883 3655 73.
904 3576 958 3653 (ln
969 3572 1029 3633 hac
1041 3572 1146 3633 tabula
1160 3571 1230 3631 vul·

181 3686 253 3749 pem
266 3659 434 3742 subjectam
446 3663 575 3742 picturae
590 3664 697 3743 primae
716 3662 901 3723 addidimus.
915 3663 991 3741 En.)

215 3883 254 3956 (1)
267 3877 487 3951 Heyne,loc.cit.
502 3880 562 3930 Non
576 3884 686 3951 poenitet
726 3881 879 3938 Archilochi
898 3885 925 3934 in
948 3880 1069 3933 Matthia
1087 3880 1141 3929 Vir.
1161 3874 1229 3928 Clar.

179 3959 342 4018 Huschlrium
351 3961 384 4011 V.
398 3955 436 4010 Cl.
450 3960 620 4028 conjecturae,
634 3981 685 4032 qua
726 3961 899 4014 Miscellaneis
914 3959 1106 4032 Philosophicis
1119 3955 1179 4010 Vol.
1200 3957 1232 4022 1,

133 4037 134 4040 ¹
181 4041 330 4109 adducitur,
352 4052 382 4091 nt
404 4037 505 4105 credat,
529 4041 606 4091 tertio
624 4039 684 4091 loco
727 4039 835 4095 edition.
859 4041 1012 4112 Altenburg.
1040 4039 1121 4107 1803,
1143 4035 1235 4115 iri-8⁰>

179 4120 260 4173 fuisse
278 4119 390 4173 simium.
405 4116 475 4187 Lege
490 4117 557 4170 Diss.
578 4120 609 4170 de
622 4118 683 4172 Fab.
726 4124 787 4193 maj.
