2648 4822
197 379 238 441 36
570 379 634 440 DE
657 377 865 445 PIIAEDRI

194 522 364 605 parisiensi,
372 531 531 593 cesserant,
543 516 682 578 chartula
690 520 806 581 detecta
814 536 867 597 est,
878 543 948 604 quae
958 524 1030 585 libri
1037 528 1052 587 I
1059 526 1246 593 fabularum

193 611 314 670 tertiam
329 608 391 666 fere
407 619 525 687 partem
539 607 728 667 continebat.
744 611 832 668 Hanc
847 608 1020 671 chartulam
1037 615 1090 673 alii
1107 618 1249 683 Petavia-

193 722 283 774 nam,
300 698 352 757 alii
366 694 492 756 Schedas
506 698 611 775 reqios,
625 695 678 753 alii
691 698 783 756 etiam
803 699 928 759 codicem
944 704 973 763 V
972 705 1119 762 assianum
1137 707 1246 787 appel·

192 791 275 863 lant3
287 786 371 847 unde
378 784 516 865 plerique
524 785 619 843 critici
630 788 812 846 recentiores
824 789 1042 870 imperturbati
1051 807 1133 869 sunt,
1143 807 1179 854 ut
1187 795 1245 855 du·

191 879 358 940 bitaverint
369 895 476 933 aranon
488 871 614 954 hujusce
628 875 712 934 modi
729 877 831 958 plures
843 881 1033 940 exstitissent.
1046 882 1103 941 Sed
1114 885 1244 946 unicam

191 967 279 1026 illam
288 962 369 1020 Petri
382 960 519 1019 Danielis
531 960 625 1020 fuisse
637 962 814 1022 rescivimus
825 986 919 1045 quam
930 988 1028 1048 quum
1039 969 1079 1027 ab
1092 970 1150 1029 isto
1163 973 1245 1031 Pau·

190 1058 239 1117 lus
254 1053 393 1114 Petavins
414 1051 586 1126 habuisset,
609 1051 669 1111 hoc
690 1053 802 1113 deinde
823 1069 965 1131 mortuo,
986 1060 1062 1116 emit
1077 1081 1149 1119 cum
1170 1061 1242 1121 aliis

191 1143 326 1225 ejusdem
334 1140 421 1199 libris
428 1138 605 1219 (Christian)
615 1142 731 1221 Regina
739 1144 916 1219 Succorum,
927 1156 1019 1225 atque
1026 1148 1173 1208 utendam
1186 1150 1245 1209 Ge·

191 1231 281 1292 rardo
287 1228 511 1288 JoauniVossio
520 1229 666 1309 permisit3
672 1251 707 1289 ea
713 1230 838 1290 demum
845 1238 1185 1316 postmortemlleginae
1193 1236 1246 1297 de·

188 1320 252 1379 lata
265 1331 309 1376 est
322 1315 362 1375 ad
379 1314 600 1375 bibliothecam
615 1317 814 1391 Vaticanam,
832 1319 886 1376 ubi
899 1317 1053 1401 hodieque
1065 1336 1214 1383 servamr.
1226 1350 1241 1381 n

189 1408 287 1485 Atque
299 1402 391 1462 etiam
407 1397 472 1479 jam
489 1399 566 1458 olim
582 1399 753 1461 Scheflerus
768 1402 861 1478 vidit,
882 1404 1011 1465 Schedas
1030 1410 1145 1489 regias,
1156 1410 1244 1470 codi-

188 1513 255 1552 cem
267 1489 385 1564 Vossii,
398 1486 535 1547 codicem
550 1487 684 1568 denique
697 1489 833 1548 Danielis
848 1512 948 1549 unum
963 1494 1167 1576 eumdemque
1177 1518 1242 1558 esse

188 1583 336 1643 codicem.
349 1580 489 1655 Namque
506 1575 544 1634 ad
562 1576 616 1635 lib.
633 1577 661 1652 I,
674 1578 737 1637 fab.
756 1580 844 1654 XIII,
862 1600 894 1654 2,
910 1578 976 1640 haec
990 1596 1096 1648 notat:
1110 1586 1242 1648 «Codex

189 1670 324 1731 Danielis
336 1671 393 1727 ista
408 1668 440 1725 in
452 1664 566 1748 plurali
581 1665 679 1725 effert.
692 1668 810 1726 Pariter
821 1681 851 1727 et
862 1668 971 1729 schedio
981 1676 1076 1752 reqia‘,
1088 1695 1163 1754 quas
1178 1697 1243 1737 cas·

189 1761 260 1822 dem
281 1780 343 1818 esse
363 1779 434 1816 cum
456 1756 540 1814 dicto
559 1755 664 1814 codice
682 1777 749 1815 non
770 1756 850 1816 male
864 1779 900 1817 ex
913 1757 962 1818 his
978 1762 1144 1843 ceterisque
1162 1763 1241 1825 locis

189 1850 359 1933 suspiceris.
371 1872 384 1903 a
399 1848 434 1904 In
454 1856 617 1904 notavere
637 1844 677 1902 acl
698 1843 753 1903 lib.
766 1846 796 1920 I,
811 1845 875 1904 fab.
888 1847 947 1922 XI,
967 1869 1010 1908 12.
1032 1874 1046 1903 o
1056 1849 1183 1927 Verum,
1199 1856 1243 1913 in·

188 1942 266 2022 quit,
287 1935 369 1997 aliud
389 1932 496 1994 suadet
514 1932 610 1991 codex
629 1933 710 1991 Petri
725 1934 860 1993 Danielis
879 1947 908 1993 et
922 1936 1121 1998 serenissimae
1136 1938 1243 2002 Chris-

189 2027 275 2099 tinae,
292 2025 345 2105 qui
369 2034 439 2103 post
458 2019 496 2078 ad
516 2041 626 2078 manus
642 2020 738 2079 Vossii
752 2022 907 2103 pervenit,
926 2022 1040 2103 inquo
1060 2024 1244 2106 odfliquntnr

189 2116 310 2194 legitur.
322 2138 336 2168 o
350 2113 396 2168 Ex
409 2130 472 2190 quo
488 2109 717 2168 Desbillonium
731 2124 810 2168 reete
826 2123 957 2169 statuere
973 2112 1165 2192 intelligitur.
1179 2117 1242 2177 Iste

189 2203 284 2281 igitur
298 2198 409 2271 codex,
424 2196 543 2275 quoties
557 2197 590 2253 in
604 2195 662 2253 hac
674 2195 811 2256 editione
825 2200 1060 2275 memorabitur,
1073 2201 1244 2282 appellabi-

188 2303 240 2349 tur
251 2287 340 2348 codex
350 2281 491 2344 Danielis.
508 2284 569 2358 Qui
589 2305 628 2341 an
644 2282 738 2341 hodie
757 2297 851 2343 exstet
864 2286 897 2344 in
911 2286 1102 2348 bibliotheca
1122 2291 1243 2351 Vatica-

190 2399 248 2450 na,
266 2397 306 2435 an
318 2393 418 2454 nuper
434 2393 451 2429 a
468 2369 565 2429 Gallis
582 2392 653 2430 cum
665 2370 733 2430 aliis
750 2372 877 2432 cimeliis
893 2375 1026 2436 Parisios
1042 2378 1241 2440 transmissus

190 2465 243 2540 sit,
257 2484 324 2523 non
337 2459 479 2537 constat(
499 2459 518 2537 ).

423 2700 426 2705 Ι
448 2613 477 2690 a.
500 2614 653 2674 corax
674 2616 977 2679 mvxouausrs.

228 2768 275 2826 Sic
291 2763 483 2846 appellamus
501 2776 654 2820 vetustum
672 2763 809 2822 codicem
825 2764 1047 2823 Divionensem
1065 2759 1241 2825 monacho·

190 2877 259 2914 rum
274 2865 360 2913 sectae
374 2850 587 2911 benedictina.
599 2850 789 2911 Membranae
804 2851 866 2911 illae
879 2854 1122 2933 quingentorum
1134 2865 1164 2911 et
1177 2872 1242 2910 am·

189 2943 271 3025 plius
284 2942 458 3015 annorum,
476 2940 578 3000 forma
591 2942 782 3021 praegrandi,
797 2940 984 3001 exhibebant
995 2941 1090 2999 Plinii
1103 2939 1241 3000 historiae

189 3047 252 3090 nat.
268 3031 364 3090 libros
388 3030 514 3104 XXXII,
530 3028 643 3108 quibus
662 3029 734 3086 libri
756 3031 797 3088 IV
811 3028 1004 3102 fabularum,
1022 3046 1159 3108 quorum
1174 3029 1242 3108 qui·

188 3118 263 3176 libet
279 3120 333 3176 XX
353 3118 616 3201 complectebatur
632 3116 769 3191 fabulas,
785 3118 842 3176 sub
861 3119 988 3176 nomine
1007 3115 1145 3190 Romuli,
1165 3135 1242 3196 prae-

190 3205 400 3264 mittebantur.
411 3208 448 3265 In
458 3209 516 3266 isto
527 3207 632 3266 codice
644 3227 710 3265 non
722 3225 828 3287 paucae
838 3203 960 3263 Phaedri
968 3204 1083 3263 fabulae
1098 3203 1241 3263 oratione

189 3293 290 3352 soluta
298 3297 441 3373 expositae
448 3309 536 3355 erant
548 3318 566 3354 a
578 3295 660 3354 dicto
675 3295 821 3370 Romulo,
834 3294 872 3353 de
885 3314 947 3374 quo
957 3292 1039 3352 infra
1051 3312 1242 3351 commemo·

190 3384 266 3441 rabo
277 3382 412 3441 uberius.
424 3386 544 3443 Harum
557 3385 972 3445 Ilornulifabularumcodex
984 3382 1171 3456 chartaceus,
1178 3403 1241 3441 ma·

190 3491 235 3529 nu
242 3469 422 3545 Marquardi
431 3470 525 3528 Gudii
536 3471 639 3529 forma
648 3470 804 3551 in·l‡⁰maj.
814 3493 908 3551 quam
918 3472 1142 3530 accuratissime
1150 3488 1240 3549 aeque

190 3579 225 3616 ac
236 3554 420 3615 nitidissime
432 3554 598 3635 descriptus
610 3578 646 3614 ex
656 3558 897 3615 Divionensibus
909 3556 1136 3617 monachorum
1145 3558 1242 3616 Dene-

190 3646 380 3706 dictinorum
407 3642 614 3716 membranis,
640 3643 799 3722 quondam
823 3658 1043 3704 ornamentum
1066 3643 1238 3725 splendidae

190 3732 285 3794 Gudii
299 3727 496 3788 bibliothecae
506 3728 556 3806 (a),
566 3727 659 3788 hodie
672 3730 849 3789 adservatur
862 3730 894 3787 in
907 3732 1160 3813 Guelferbytana.
1173 3734 1241 3790 Les-

191 3822 307 3903 singius
324 3830 426 3876 autem
446 3817 479 3874 in
498 3816 617 3875 erudita
636 3817 861 3891 dissertatione,
881 3820 1030 3879 Romulus
1046 3834 1076 3879 et
1088 3820 1238 3878 Rimicius

218 3989 695 4067 (1)Cemanuscritnes'estpastrouve
766 3989 805 4059 (a)
823 3993 979 4045 Conferatur
999 3993 1141 4064 Catalogus
1162 3994 1236 4046 MSS.
1308 4023 1310 4026 ·

136 4125 138 4129 ,
187 4069 695 4149 pumiceuxdeIabihiiotliequeduVati·
732 4069 820 4133 Gudii,
836 4073 979 4144 Hamburg.
996 4075 1077 4145 1706,
1089 4076 1169 4141 in.8·²
1184 4093 1237 4147 pa.

188 4148 628 4226 coaquiontett‘opporte‘i&Paris
641 4146 692 4218 (B.)
731 4151 784 4218 qiu.
797 4150 837 4201 28.
