2648 4822
144 427 197 515 xvj
422 422 719 487 uxrnrclrro
743 423 915 487 uuuvrs
1014 485 1016 489 Α

145 567 270 648 spicitur
285 579 384 646 pater,
399 564 528 641 antiqua
544 560 649 621 sedens
660 560 817 634 cathedra,
835 564 1033 621 circumstant
1047 562 1109 623 duo
1121 564 1198 625 libe-

145 657 186 730 ri,
206 655 269 714 filia
283 669 388 714 tamen
404 653 532 733 propius
550 653 628 711 sicut
646 673 738 733 opem
755 651 925 732 implorans
944 667 974 711 et
991 652 1094 713 fratris
1109 653 1198 734 jocos

145 745 320 816 criminata;
345 756 432 824 pater
454 740 558 800 dextra
580 741 755 822 speculum,
782 760 922 799 caussam
944 741 1141 801 contumelias
1168 756 1200 801 et

144 833 341 916 querelarum
353 844 451 905 tenet,
465 829 565 912 quod,
579 842 743 911 postquam
757 829 915 913 amplexus
927 843 1198 912 essetutrumque,

146 921 326 982 monitionis
340 920 491 1001 sapientia
507 921 679 1003 conspicuae
696 920 858 981 materiam
875 919 959 995 lecit,
976 933 1011 979 ut
1027 919 1110 980 filius
1127 922 1199 1002 pul·
1227 928 1230 935 '

145 1007 319 1069 chritudine
332 1007 485 1092 egregius,
504 1007 614 1066 vitaret
630 1008 729 1066 animi
742 1008 985 1088 corruptionem,
1002 1021 1032 1066 et
1048 1007 1114 1066 filia
1128 1030 1199 1069 cor-

143 1098 224 1178 poris
242 1096 344 1154 minus
361 1094 638 1161 commendabilem
654 1093 789 1153 formam
803 1093 969 1159 virtutibus
984 1093 1156 1154 redimeret.

531 1283 703 1341 TABULA
723 1281 799 1340 Vll.

182 1449 233 1508 Ad
239 1471 307 1529 pap.
323 1449 387 1529 176,
402 1452 483 1508 Tom.
495 1442 534 1506 ll.
546 1448 788 1507 Monumentum
799 1444 977 1528 sepulcrale,
988 1449 1120 1528 petitum
1131 1470 1148 1508 e
1159 1452 1192 1509 L.

140 1540 247 1620 Begeri
261 1541 399 1598 Lucernis
408 1536 558 1618 sepulcral.
575 1540 648 1597 icon.
662 1538 696 1597 P.
714 1537 742 1611 Ι,
756 1537 819 1595 tab.
836 1558 860 1596 1.
875 1536 963 1595 Sedet
974 1536 1191 1612 Prometheus,

142 1640 244 1687 auctor
256 1625 338 1707 vulpi
347 1625 452 1707 fictilis
466 1625 606 1705 (Phaedr.
623 1626 677 1690 lib,
696 1627 748 1700 IV,
767 1625 831 1685 fab.
848 1626 929 1699 XIV,
947 1626 984 1703 5)
1003 1640 1111 1685 tenens
1125 1648 1193 1708 spa·

141 1715 264 1776 thulam
282 1714 449 1790 fictoriam,
468 1729 498 1774 et
516 1706 650 1797 liguram
668 1713 850 1796 puellarem,
866 1712 933 1794 jam
952 1737 968 1774 e
985 1714 1053 1773 luto
1072 1713 1193 1791 fictam,

141 1807 286 1867 attentius
300 1805 439 1878 intuens,
454 1805 594 1864 adstante
609 1805 759 1863 Minerva.
775 1803 927 1862 Fabulam
944 1803 982 1862 de
996 1802 1193 1880 Prometheo,

129 1897 241 1977 tapeti
255 1909 286 1954 et
301 1895 465 1978 Clymenes
481 1894 560 1970 filio,
579 1914 671 1973 quem
690 1891 816 1973 fingunt
834 1891 995 1953 hominem
1010 1913 1026 1951 c
1042 1892 1109 1970 luto
1128 1893 1193 1954 for-

34 2010 40 2031 *
141 2006 252 2064 masse,
272 2006 336 2044 non
350 1986 440 2065 pauci
456 1986 647 2064 antiquitatis
661 1983 820 2065 scriptores
835 1995 1097 2058 commemorant,
1117 2003 1194 2063 quos

140 2072 267 2131 laudavi
281 2071 320 2130 ad
337 2071 390 2129 lib.
406 2073 458 2145 IV,
475 2070 537 2130 fab.
553 2072 633 2144 XIV,
650 2069 681 2145 5,
699 2069 811 2149 quibus
828 2068 988 2128 addendus
1003 2081 1046 2127 est
1060 2068 1191 2149 Fulgen-

141 2160 202 2217 tius
213 2159 262 2236 (1).
278 2159 339 2220 Nec
356 2180 425 2220 raro
438 2171 555 2218 veteres
570 2157 699 2226 artifices
714 2157 900 2217 effinxerunt
915 2155 1134 2216 Prometheum
1149 2162 1199 2215 ἀν-’

141 2251 341 2328 oportunitates
360 2248 418 2325 (2):
438 2269 532 2327 quem
551 2249 583 2306 in
600 2245 741 2305 faciendo
757 2245 815 2306 hoc
835 2267 928 2326 opere
946 2245 1088 2311 habuisse
1106 2245 1195 2327 adju·

140 2337 247 2395 tricem
264 2337 452 2411 Minervam,
467 2350 577 2418 praeter
593 2336 653 2394 alia
670 2335 859 2414 antiquitatis
874 2347 1076 2395 monumenta
1092 2335 1147 2414 (3),
1165 2348 1195 2395 et

140 2439 251 2508 praeter
266 2439 402 2486 veterum
418 2429 602 2507 scriptorum
615 2425 790 2493 testimonia
807 2425 862 2503 (i),
880 2425 1005 2494 lucerna
1021 2438 1129 2484 nostra
1148 2445 1194 2486 se·

141 2514 286 2596 pulcralis
300 2516 497 2597 comprobat,
514 2518 548 2575 in
564 2537 627 2596 qua
643 2512 727 2572 vides
743 2514 932 2586 Minervam,
947 2512 1101 2573 hominia
1118 2515 1195 2574 Pro-

141 2603 262 2664 metheo
281 2603 354 2665 ficto
372 2606 581 2666 immortalem
602 2605 740 2665 animani
760 2604 979 2685 inspirantem,
1004 2589 1138 2678 unicum,
1159 2616 1196 2661 ut

176 2779 388 2852 (1)Mythologia
401 2782 446 2834 lib.
461 2785 499 2851 11,
510 2804 568 2856 cap.
582 2803 607 2853 9.
684 2783 755 2834 conii
771 2783 899 2851 Antiquit.
912 2781 979 2852 expl.
992 2783 1068 2832 Tom.
1082 2783 1108 2845 1,
1120 2782 1191 2830 Part.

175 2858 214 2930 (a)
235 2853 293 2910 Vid.
315 2880 337 2911 e.
363 2880 386 2912 c.
406 2863 591 2936 Anaglyphum
615 2867 643 2915 in
685 2877 707 2929 1,
729 2881 790 2933 pag.
812 2861 854 2928 ari.
874 2862 973 2913 Confer
988 2862 1081 2932 Heyne
1098 2862 1126 2911 'm
1142 2861 1193 2912 Re-

140 2940 168 2992 V
167 2938 258 2991 isconn'
266 2941 298 2990 V.
309 2939 338 2990 C.
352 2942 443 2994 Museo
453 2942 642 2996 Pio-Clement.
676 2961 755 3000 scens.
768 2939 872 3014 Parerg.
885 2944 962 2994 Tom.
974 2944 1021 3008 VI,
1040 2940 1107 2992 Edit.
1120 2942 1192 3011 Virg.

140 3018 170 3068 T.
183 3020 227 3083 IV,
238 3017 291 3069 tab.
304 3019 422 3072 XXXIV.
684 3043 745 3096 pag.
761 3025 821 3095 783.

174 3093 213 3164 (3)
230 3097 289 3147 Vid.
307 3112 508 3152 monumentum
526 3103 555 3152 iu
573 3100 642 3152 Edit.
720 3102 759 3174 (i)
771 3106 879 3155 Luciani
892 3101 1024 3157 Prometh.
1036 3103 1066 3152 T.
1082 3104 1106 3170 1,
1119 3103 1191 3172 Opp.

141 3172 246 3244 Virqitii
266 3177 415 3247 Heyniana,
433 3181 464 3230 T.
481 3181 513 3246 V,
532 3201 560 3252 p.
581 3181 643 3233 318.
684 3203 712 3255 p.
732 3201 777 3254 27,
792 3186 872 3235 Reitz.
888 3182 964 3252 dontp
975 3183 1057 3239 imitus
1070 3183 1112 3234 uix
1123 3182 1192 3236 dmm

137 3252 307 3306 Prometheus
324 3255 409 3323 sedet,
425 3258 572 3329 hominem,
586 3258 642 3311 luto
686 3257 825 3331 drdpaiaot,
841 3259 897 3318 sios
914 3260 1019 3318 irratione
1035 3257 1121 3316 adroic
1138 3259 1194 3312 oiri-

136 3329 236 3396 lictum,
244 3350 314 3400 genu
323 3352 371 3386 suo
381 3339 552 3406 insistentem,
562 3358 643 3392 manu
684 3357 771 3392 stass.
781 3343 886 3393 Tenedus
896 3343 947 3409 ζῶα
955 3341 1080 3411 μορμόνας
1090 3337 1130 3390 καὶ
1140 3341 1194 3390 dra-

138 3420 199 3461 ante
214 3429 242 3463 se
259 3423 363 3487 tenens,
381 3414 461 3467 altera
478 3418 642 3487 spathulam,
684 3421 815 3490 auspices,
827 3423 856 3478 ds
868 3420 977 3475 ttztrm'
986 3443 1012 3473 os
1025 3420 1056 3474 sin
1072 3418 1111 3472 nal
1124 3419 1192 3480 ἆφθῗῐ·

137 3508 189 3560 qua
211 3489 315 3542 fictores
337 3506 465 3546 utuntur:
488 3497 573 3549 adstat
593 3501 643 3551 Mi·
684 3525 721 3558 m
734 3504 856 3574 χαρίηφα.
872 3500 915 3561 Kal
931 3502 958 3559 cri
975 3501 1019 3569 μὴ
1040 3500 1103 3562 ὅλον,
1118 3502 1191 3570 ἀρχι-

52 3579 55 3585 ’
135 3585 228 3634 nerva,
247 3567 409 3646 papilionem
429 3575 509 3644 capiti
528 3573 642 3628 hominis
682 3575 1190 3652 aixrovav'rdctlt.2vcstp'yoi(srcdiootxal

135 3649 287 3721 imp⁰fle¹¹82
306 3651 454 3727 Symbplum
471 3657 577 3721 animae,
597 3655 643 3708 ad·
682 3662 787 3716 litut
799 3660 931 3727 ἱμπνὶουσα
941 3661 981 3717 adv
992 3661 1077 3729 antis,
1093 3659 1133 3712 uel
1147 3659 1191 3727 ἴμ-

135 3740 219 3780 Slaflle
234 3747 339 3800 <Imque
354 3730 447 3784 eadem
460 3731 542 3803 puelli
555 3734 642 3787 forma
682 3746 754 3812 ψνχα
774 3745 875 3795 ποιοῦσα
903 3737 960 3797 siras
984 3741 1019 3798 rai
1042 3739 1189 3807 attimaro.

131 3810 188 3879 jam
200 3807 328 3860 abs⁰l¹11³·
341 3808 450 3862 Esthaec
459 3831 521 3883 pars
533 3813 640 3886 anagly·
682 3825 749 3875 Cum
765 3842 818 3894 quo
836 3822 896 3875 loco
913 3821 1108 3894 comparandus
1123 3821 1190 3873 alius

132 3888 180 3960 phi
189 3891 217 3939 in
226 3888 639 3964 sarcophagoVillaePamphiliae,
680 3904 789 3974 Hygini,
809 3902 864 3954 fab.
890 3903 955 3969 142:
982 3900 1190 3966 «Prometheus,

133 3968 204 4021 unde
219 3971 246 4020 in
260 3970 430 4025 Admirandis
444 3972 586 4026 exhibitam
600 3978 639 4026 vi·
681 3982 768 4051 Japeti
784 3980 867 4045 filius,
886 3983 987 4052 primus
1002 3979 1138 4032 hominem
1157 3999 1189 4031 ex
1220 4000 1222 4002 ·

132 4049 225 4102 demus
237 4051 290 4102 tab.
303 4051 351 4119 66,
367 4053 416 4124 67,
430 4056 458 4105 in
472 4056 540 4106 Mus.
553 4056 637 4125 capit.
679 4059 735 4112 luto
752 4060 835 4114 finxit.
855 4063 949 4113 Postea
965 4060 1100 4112 Vulcanus
1115 4061 1188 4111 Jovis

131 4131 162 4180 T.
180 4131 224 4196 IV,
241 4131 295 4183 tab.
310 4151 370 4184 xxv.
388 4135 544 4205 Expressum
559 4135 636 4185 etiam
676 4140 752 4206 jussu
769 4158 800 4192 ex
816 4140 872 4192 luto
886 4140 1001 4194 mulieris
1018 4139 1130 4209 effigiem
1147 4141 1188 4190 fe-

131 4207 183 4268 hoc
198 4211 376 4283 anaglyphum
397 4226 436 4269 est
452 4216 479 4266 iu
496 4212 637 4270 Montefal·
680 4216 728 4281 cit,
740 4221 783 4269 cui
792 4219 909 4272 Minerva
920 4222 1035 4272 animam
1045 4217 1124 4272 dedit.
1137 4243 1148 4265 n
