2648 4822
120 337 160 416 24
465 338 581 401 vira
603 324 829 403 rurmnn.⁴

6 540 9 545 ¹
114 476 279 554 stringere,
295 475 471 556 conjectura
485 490 529 536 est
542 478 755 558 Cannegieteri
768 479 818 555 (ι).
833 479 905 537 Νοη
919 477 1004 538 enim
1016 493 1170 562 opportu-

112 563 240 628 niorem
254 566 401 640 licentiae,
424 587 518 646 quam
541 566 600 624 sibi
621 568 730 625 sumsit
752 564 917 641 Phaedrus,
931 566 1171 642 -locumfuisse,

119 670 212 730 quam
230 654 287 712 sub
310 656 496 735 imperatore
517 653 660 727 Claudio,
685 654 773 734 cujus
796 654 965 716 stoliditate
975 668 1005 716 et
1017 656 1172 738 patientia

102 813 105 819 Ι
118 737 236 819 plures,
253 741 287 800 in
299 742 375 802 locis
393 743 486 801 etiam
497 742 630 824 publicis
647 756 739 824 atque
748 743 786 803 in·
796 742 883 818 foro,
896 746 958 804 sint
970 745 1060 804 abusi
1072 765 1105 802 re
1117 765 1173 826 pa-

113 827 192 902 riter
204 850 240 898 ac
252 832 352 890 verbis
364 832 472 910 injurii
484 832 524 912 (2)
535 854 543 904 3
556 831 697 893 fabulam
711 831 749 892 de
759 831 861 912 tigillo
874 854 960 914 rege,
973 833 1172 893 contumeliis

117 914 301 995 inquinato,
316 918 390 980 huic
404 922 584 1001 imperatori
595 941 657 981 esse
669 920 874 1002 aptissimam,
892 922 1059 981 convenire
1076 921 1174 980 etiam

113 1005 254 1082 ¹tempori
267 1003 340 1066 huic
352 1008 570 1070 libertinorum
581 1010 764 1091 potentiam.
776 1010 857 1068 Nam
867 1007 1064 1091 Eutychum,
1072 1007 1173 1066 Parti·

121 1088 285 1170 colonam,
301 1094 474 1171 Philetum‚
489 1117 567 1177 quos
580 1097 695 1158 amicos
712 1117 783 1156 suos
798 1117 864 1157 non
881 1095 1087 1156 inhonoratos
1105 1095 1174 1155 lau-

122 1173 174 1234 det
197 1178 360 1258 Phaedrus,
383 1183 545 1244 libertinos
569 1184 737 1243 arbitratur
755 1183 867 1260 fuisse,
891 1183 924 1243 id
943 1183 1030 1265 quod
1051 1183 1175 1244 servilia

123 1267 254 1328 nomina
274 1273 302 1330 ei
327 1272 463 1332 indicare
482 1271 636 1331 videntur.
657 1274 785 1330 atvero
804 1272 830 1330 si
851 1271 983 1332 Claudio
1001 1274 1177 1352 imperante

114 1347 255 1420 ,licentiae
270 1359 356 1419 locus
374 1360 451 1435 fuit,
466 1361 491 1420 si
506 1364 539 1419 in
557 1359 632 1420 locis
649 1358 783 1440 publicis
795 1374 887 1440 atque
900 1359 934 1418 in
945 1358 1017 1419 foro
1029 1358 1118 1418 licuit
1133 1358 1178 1415 in·

12 1442 16 1458 ⁸
119 1436 319 1523 juriumesse,
328 1447 590 1531 qui,quaeso‚fieri
602 1449 704 1530 potuit
712 1461 746 1509 ut
757 1449 994 1530 licentia,quam
1003 1449 1063 1508 sibi
1071 1469 1179 1528 sump-

123 1547 204 1592 serat
213 1536 375 1614 Phaedrus,
386 1541 462 1599 vitio
477 1541 505 1599 ei
517 1552 693 1613 verteretur,
709 1541 796 1619 isque
807 1561 959 1620 magnum
972 1539 1046 1598 inde
1056 1549 1179 1620 caperet

116 1615 366 1694 detrimentum?
376 1629 433 1688 Sed
449 1643 554 1689 tamen
572 1627 804 1688 Particulonem
817 1645 909 1710 atque
921 1627 1078 1689 Philetum
1088 1625 1179 1685 Clau-

125 1703 170 1766 dii
179 1710 273 1775 fuisse
282 1717 424 1793 libertos,
435 1740 502 1778 non
511 1717 610 1798 magis
620 1719 815 1799 negaverim,
825 1739 922 1798 quam
930 1717 1048 1777 librum
1057 1716 1099 1776 IV
1109 1727 1142 1773 et
1151 1713 1179 1770 V

124 1792 321 1882 fabularum,
333 1804 393 1867 hoc
408 1820 571 1887 regnante,
586 1827 604 1864 a
615 1804 748 1865 Phaedro
762 1807 951 1887 conscriptos
964 1804 1068 1865 fuisse.

167 1887 230 1951 Cel.
244 1895 364 1970 Sarius,
379 1909 415 1955 ut
426 1907 610 1976 argumento
630 1893 713 1954 tituli
725 1894 851 1975 Prolog.
865 1895 909 1954 lll
921 1895 961 1954 ad
977 1891 1180 1976 Eutychum,

124 1979 270 2041 eumdem
291 1984 428 2044 fortassis
447 1985 501 2065 qui
524 1982 756 2066 potentissimus
777 1982 927 2063 Caligulae
947 1982 1077 2041 libertus
1095 1979 1181 2052 fuit,

123 2077 199 2127 teste
214 2072 346 2153 Josepho
357 2075 411 2154 (3),
425 2073 518 2133 simul
530 2087 565 2133 ut
578 2074 647 2132 loco
660 2073 777 2132 Senecae
792 2069 834 2152 (4)
845 2070 1081 2153 quodammodo
1094 2069 1183 2129 satis·

122 2151 252 2232 faceret,
267 2161 369 2219 medio
384 2159 551 2219 Phaedrum
564 2159 686 2218 Claudii
705 2160 897 2240 principatus
914 2173 1056 2240 tempore
1073 2157 1183 2238 posuit

123 2246 160 2303 A.
174 2246 206 2303 C.
225 2246 264 2321 48
285 2249 334 2327 (5).
354 2247 464 2328 Sejauo
480 2247 545 2328 jam
563 2250 726 2318 exstincto,
746 2261 888 2307 nostrum
901 2246 1024 2307 fabulas
1039 2267 1109 2305 suas
1125 2266 1184 2327 op·

123 2338 263 2417 posuisse
284 2338 462 2416 conjectura
479 2353 523 2397 est
541 2339 630 2396 Joan.
649 2336 780 2395 Fabricii
801 2337 851 2416 (6).
870 2338 949 2396 Sunt
968 2336 1104 2416 denique
1125 2333 1183 2415 qui

122 2439 260 2507 poetam,
283 2428 455 2508 imperante
481 2429 617 2508 Augusto
639 2427 761 2499 vixisse,
786 2425 836 2484 sed
858 2425 981 2487 fabulas
1003 2428 1037 2485 in
1066 2425 1183 2506 quibus

124 2532 242 2573 numen
255 2514 355 2596 Sejaui
368 2516 491 2595 legitur,
504 2515 631 2575 demum
643 2515 700 2572 sub
711 2512 844 2574 Claudio
853 2513 932 2596 juris
941 2514 1062 2598 publici
1072 2512 1183 2574 fecisse

124 2599 284 2662 affirment
296 2605 347 2683 (7).

163 2689 194 2748 Si
213 2692 282 2770 quis
298 2692 334 2751 iis
352 2692 498 2752 adsentiri
512 2691 587 2751 velit
597 2713 668 2773 quae
680 2713 774 2774 supra
793 2690 962 2775 disputavi,
977 2693 1069 2752 nixus
1085 2712 1182 2771 argu·

120 2779 255 2853 mentis,
279 2801 347 2840 non
372 2781 495 2863 penitus
520 2779 779 2854 contemnendis,
800 2781 889 2840 nulla
912 2794 1013 2864 potest
1033 2800 1097 2839 esse
1121 2778 1181 2839 du·

120 2865 236 2927 biturio
253 2865 421 2929 Phaedrum
437 2865 568 2948 jamjam
586 2869 696 2928 vixisse
713 2883 860 2950 regnante
878 2870 1009 2928 Octavio
1027 2870 1181 2949 Augusto.

122 2954 152 3015 ls
164 2957 250 3016 euim
268 2978 341 3016 etun
353 2955 564 3015 vindicaverat
576 2956 609 3015 in
623 2954 808 3030 libertatem,
821 2971 852 3015 et
868 2956 945 3017 lacit
960 2955 1110 3014 Phaedrus
1121 2951 1183 3013 bo·

118 3042 284 3104 norificam
303 3044 441 3105 nominis
455 3041 521 3124 ejus
533 3043 733 3103 mentionem.
747 3046 854 3104 Aureae
865 3058 971 3104 tamen
981 3044 1079 3103 araus
1089 3041 1184 3124 scrip-

117 3132 239 3192 toribus
256 3148 348 3216 poata
360 3147 523 3217 propterea
533 3154 599 3193 nou
608 3133 860 3194 adnumerandus
868 3148 929 3206 est3
941 3153 1041 3213 quum
1051 3132 1182 3192 demum

117 3220 176 3279 sub
204 3222 331 3282 'liberio
358 3225 431 3283 artis
452 3225 583 3306 poetice
604 3222 697 3284 laude
716 3222 826 3282 florere
848 3237 879 3282 et
898 3220 1022 3282 fabulas
1044 3221 1181 3281 scribere

116 3311 258 3392 eoeperit.
279 3313 406 3374 Mortuo
427 3317 513 3379 euim
527 3317 683 3397 Augusto,
696 3336 795 3397 quum
815 3314 957 3374 'liberius
980 3333 1066 3371 anno
1080 3312 1182 3393 impe-

151 3483 195 3556 (ι)
208 3484 276 3537 Diss.
296 3486 340 3537 sit.
357 3483 391 3537 de
405 3486 491 3537 AEtete
510 3527 527 3555 θ
538 3503 546 3540 t
560 3489 632 3561 stylo
676 3509 738 3542 nem
751 3490 785 3542 de
799 3489 910 3541 rtatim
923 3486 1089 3559 cruentatis
1101 3487 1187 3558 scrip-

113 3565 215 3617 Asiaui„
230 3584 255 3634 p.
268 3581 320 3625 aro
333 3583 380 3635 sq.
677 3582 739 3621 (οη,

148 3643 189 3715 (a)
206 3645 330 3716 Exernple
348 3643 426 3697 dabit
443 3644 585 3699 Suetonius
600 3649 630 3699 in
710 3647 820 3717 (mid.
836 3647 906 3701 Suii
919 3650 1058 3702 onomast.
1074 3648 1185 3713 torol,

116 3726 210 3782 Claud.
224 3746 283 3798 cap,
298 3728 355 3779 ΧΥ.
675 3746 736 3800 Ν.
751 3727 813 3793 alr.

146 3809 186 3880 (3)
202 3811 328 3880 ¹lutiquit.
353 3807 463 3861 ludair.
486 3808 531 3860 lib.
551 3808 628 3871 xlx,
710 3806 750 3875 (6)
767 3808 797 3859 lu
812 3807 878 3858 llist.
894 3804 1017 3858 biblioth.
1031 3805 1185 3860 Patricia

113 3912 172 3965 cap,
191 3894 234 3956 Ν,
252 3909 314 3963 pag,
342 3889 411 3961 pla,
428 3888 557 3943 Rtbtioms
575 3890 631 3942 lle·
675 3886 704 3935 P·
714 3885 763 3941 Vl.
777 3902 839 3955 pag.
850 3884 913 3954 3¹9·

109 3993 243 4041 verearup.
709 3962 750 4033 (ς)
759 3966 802 4016 lo.
817 3967 872 4018 Pet.
885 3964 1004 4018 miletus
1015 3969 1044 4016 in
1056 3966 1134 4016 naef.
1150 3965 1188 4017 ad

143 4055 185 4123 (l)
195 4053 301 4107 Consul.
317 4052 352 4106 ad
368 4049 460 4124 Polyb.
475 4048 506 4102 (ὲ
517 4048 629 4112 XXl'll,
675 4044 954 4101 nummum.
966 4047 1126 4116 1753,inlu

108 4134 142 4187 de
155 4154 207 4208 qno
220 4135 283 4191 loeo
297 4133 342 4190 tid
352 4152 367 4188 e
378 4130 453 4187 iutra
463 4127 630 4202 uspersus·
678 4125 810 4180 emissem.
1116 4152 1120 4157 -
