2648 4822
211 430 485 498 TABULARUM
508 429 973 494 LlTHOGRAPHlCARUM.
1052 432 1114 522 xvij

71 574 112 631 ait
123 573 254 651 Regerus
265 571 321 649 (ι),
336 567 461 628 hominis
472 567 579 626 donum
586 612 595 640 ,
617 567 698 651 cujus
712 570 813 628 virtute
823 572 910 628 etiam
921 578 1115 652 postmortem

70 664 150 737 vivit,
166 660 300 720 addens:
315 658 347 717 id
357 680 428 717 sane
442 657 577 729 intendit,
590 660 640 738 qni
654 655 803 717 lucernam
813 662 989 740 propositam
1005 658 1119 742 c’ffinxit

68 763 95 810 et
104 747 234 830 sepulcro
245 769 297 808 suo
309 746 420 820 intulit,
435 759 594 808 remoturus
605 744 736 806 videlicet
749 751 848 807 mortis
861 768 983 828 ortqores
994 760 1118 808 contem·

67 835 197 918 piatione
208 838 274 896 vitoe
287 834 474 911 immortalis,
491 830 725 916 quodjustorum
741 837 850 894 anima
863 835 904 894 ad
917 833 1049 895 atheram
1062 856 1119 915 pa·-

68 930 225 999 tissimum,
244 923 326 1009 cujus
340 923 503 1007 symbolum
524 926 661 984 Minerva
677 937 731 999 est,
754 936 782 985 et
801 947 884 1006 quem
907 927 970 1006 ipsa
989 923 1118 985 humano

68 1014 127 1076 into
140 1017 318 1096 inspirasset,
334 1025 533 1094 postmortem
549 1033 646 1072 rursus
658 1012 844 1073 adscendunt.
861 1017 936 1073 Tota
953 1024 1055 1073 autem
1072 1012 1119 1072 fa·
1143 1042 1145 1053 ›

66 1101 138 1161 bula
153 1100 192 1160 de
206 1098 387 1160 Prometheo
405 1113 435 1159 et
448 1101 588 1161 Minerva
601 1098 699 1159 videri
714 1102 811 1182 possit
826 1101 1011 1161 adumbrata
1026 1121 1118 1160 essee

66 1189 165 1249 verbis
176 1189 271 1248 Mosis
282 1188 336 1248 lib.
349 1189 378 1265 1,
395 1209 461 1266 cap.
478 1210 515 1261 11,
534 1211 566 1270 7,
584 1189 640 1247 ubi
653 1188 727 1248 deus
740 1188 878 1265 homini,
898 1211 914 1248 e
926 1188 1014 1270 gleba
1028 1202 1117 1248 terrae

66 1276 215 1350 formato,
226 1275 330 1336 flando
341 1277 485 1357 spiritum
495 1275 621 1335 vitalem
632 1277 830 1358 animamque
839 1276 984 1337 indidisse
994 1276 1118 1336 dicitur.

68 1365 124 1424 Cui
138 1365 266 1446 quidem
278 1367 436 1425 sententiae
448 1377 704 1441 monumentum,
717 1365 825 1447 paullo
837 1379 909 1425 ante
924 1388 954 1447 p.
973 1364 1118 1447 praeced,

67 1468 129 1515 not.
142 1457 160 1514 3
177 1455 377 1536 descriptum,
393 1455 453 1516 dici
467 1457 516 1514 vix
530 1469 645 1538 potest,
661 1456 737 1536 quid
752 1456 845 1515 addat
856 1457 974 1516 roboris
986 1457 1041 1535 (2),
1056 1457 1117 1514 nisi

67 1548 135 1625 quis
149 1544 240 1604 malit
255 1560 309 1604 aut
326 1567 397 1605 eum
412 1548 573 1605 Lactantio
588 1547 629 1624 (3)
643 1544 808 1626 conjicere,
824 1548 960 1627 primum
976 1547 1119 1605 omnium

65 1632 288 1695 Prometheum
300 1636 499 1696 simulacrum
511 1635 653 1712 hominisv
660 1636 806 1696 formasse
818 1636 855 1695 de
868 1635 953 1695 molli
965 1648 994 1695 et
1006 1634 1118 1717 pingui

64 1722 157 1800 limo,
175 1723 215 1782 ab
233 1745 331 1804 eoque
347 1725 447 1805 primo
462 1740 568 1784 natam
586 1747 662 1785 essse
677 1738 787 1802 artem,
808 1739 837 1785 et
853 1737 965 1785 statuas
980 1739 1010 1784 et
1023 1725 1118 1784 simu-

65 1808 146 1871 lacra
158 1810 314 1892 fingendi,
327 1813 428 1892 sicque
444 1825 544 1871 ortam
557 1833 618 1872 esse
632 1813 787 1872 fabulam:
802 1828 855 1870 aut
867 1812 892 1870 si
903 1810 969 1871 haee
981 1832 1045 1870 non
1057 1809 1119 1891 pla·

65 1912 168 1974 ceant,
187 1912 334 1975 statuere,
356 1899 588 1972 Prometheum,
609 1920 673 1958 non
694 1901 792 1979 magis
816 1919 940 1958 morum
961 1899 1118 1956 sanctitate

64 2006 160 2064 quam
172 1986 315 2046 doctrina
327 1986 447 2046 clarum
460 1982 646 2067 principem,
659 1984 802 2045 homines
815 1987 929 2044 mirum
941 1986 974 2043 in
987 1983 1118 2043 modum

64 2074 208 2136 efferatos
223 2089 252 2136 et
269 2076 374 2153 rudes,
393 2098 450 2136 nec
468 2076 548 2157 leges
564 2074 725 2150 habentes,
743 2076 901 2158 praeceptis
915 2074 1117 2134 humanitatis

63 2165 225 2242 imbuisse,
239 2167 423 2246 eosdemque
433 2166 569 2225 docuisse
578 2165 801 2246 agriculturam
811 2178 840 2224 et
849 2165 924 2225 alias
934 2177 1026 2240 artes,
1039 2183 1127 2243 quas*

63 2255 209 2336 protulit,
226 2278 285 2339 ope
301 2259 381 2338 ignis
398 2255 536 2338 adjutus,
556 2257 657 2338 sieque
671 2257 710 2316 ad
724 2255 950 2316 humanitatem
964 2254 1119 2338 perduxis-

62 2365 92 2404 se
105 2343 165 2422 (ὣς
182 2351 269 2426 cujus
281 2349 375 2428 igitur
389 2367 507 2406 nomen
522 2358 634 2427 poetae,
649 2347 703 2427 qui
719 2346 825 2406 omnia
838 2345 945 2426 figuris
960 2343 1119 2403 involvere

62 2445 90 2491 et
104 2432 269 2493 obscurare
280 2434 436 2509 solebant,
450 2434 488 2493 ad
503 2453 639 2492 errorem
654 2431 769 2491 iabulae
780 2432 974 2491 traduxerint
988 2431 1039 2508 (5).
1056 2428 1117 2488 Alii

63 2519 96 2576 in
112 2517 171 2579 hac
188 2541 221 2579 re
234 2521 383 2581 Minervae
398 2521 474 2580 alias
491 2521 568 2580 dant
584 2532 695 2600 partes.
712 2522 850 2600 Fingunt
869 2521 970 2593 enim,
989 2518 1117 2576 Prome-

63 2607 171 2668 theum
184 2624 257 2692 post
270 2610 368 2672 factos
381 2633 398 2670 a
413 2633 444 2671 se
457 2610 615 2684 homineS,
630 2610 746 2670 anxilio
763 2611 926 2682 Minervae,
939 2609 1050 2669 caelnm
1066 2606 1117 2665 ad·

62 2700 227 2776 scendisse,
247 2717 277 2761 et
296 2702 435 2769 adhibita
448 2701 549 2760 ferula
565 2698 604 2759 ad
623 2712 724 2759 rotam
739 2697 827 2775 Solis,
843 2703 948 2781 ignem
962 2700 1117 2771 furatum,

61 2812 153 2870 quem
172 2792 352 2854 hominibus
368 2793 560 2854 indicaverit.
578 2793 624 2852 lta
638 2792 759 2852 Servius
774 2793 823 2872 (6).
839 2792 963 2852 Plenius
977 2811 1043 2850 rem
1055 2801 1116 2847 tra·

60 2877 139 2937 didit
150 2879 333 2961 Fulgentius
345 2881 400 2964 (7),
417 2882 569 2941 scribens:
590 2879 834 2939 «Prometheum
848 2881 937 2938 aiunt
953 2876 1117 2938 hominem

60 2987 95 3026 ex
107 2967 175 3028 luto
186 2967 325 3044 finxisse,
339 2992 432 3051 quem
444 2968 572 3050 quidem
584 2970 791 3029 inanimatum
803 2980 896 3048 atque
907 2961 1117 3025 insensibilem

53 3053 188 3142 fecerat,
206 3055 293 3138 cujus
310 3079 388 3139 opus
407 3059 548 3119 Minerva
567 3057 678 3117 mirata
696 3055 865 3138 spopondit
883 3056 925 3130 ei,
945 3065 981 3112 ut
998 3054 1022 3112 si
1041 3049 1116 3132 quid

95 3261 137 3332 (1)
148 3264 260 3316 Lucem.
273 3264 418 3336 Sepulcral.
431 3269 460 3317 P.
471 3269 494 3331 l,
505 3286 532 3337 p.
547 3284 569 3316 1.
610 3278 718 3318 monstr.
741 3283 831 3333 evang.
853 3282 879 3334 p.
899 3281 934 3312 m.
958 3261 1021 3329 163,
1044 3259 1116 3332 quod

95 3340 136 3412 (a)
148 3342 188 3394 Cf.
203 3344 313 3411 Banier,
335 3345 512 3419 Erliinteranp
525 3346 572 3396 der
610 3345 730 3397 homines
741 3344 819 3396 rudes
832 3358 857 3396 et
869 3342 999 3415 simplices
1009 3347 1116 3394 Prome-

62 3423 239 3492 Go'tterleiire‚
261 3429 292 3479 T.
317 3429 340 3493 l,
360 3446 387 3497 p.
414 3426 479 3492 240,
502 3447 570 3480 vers.
610 3424 687 3477 theus
696 3424 839 3496 disciplinis
849 3425 1007 3490 instruxerit,
1016 3423 1116 3476 idcirco

60 3501 189 3573 Schlegel.
609 3504 745 3557 hominum
764 3505 883 3557 fictorem
906 3502 1035 3556 creditum
1061 3521 1117 3554 esse

93 3582 135 3652 (3)
146 3585 230 3636 Instit.
241 3584 299 3636 Div.
310 3583 355 3637 hb.
365 3589 401 3654 II,
414 3607 472 3659 cap.
492 3606 531 3641 10.
610 3595 715 3637 censet:
731 3582 796 3649 proci
814 3582 839 3635 di
857 3580 963 3652 τέσσαρα
978 3579 1019 3634 ani
1038 3578 1119 3635 inni-

93 3663 135 3734 (4)
146 3664 261 3738 AEschyl.
274 3668 407 3721 Prometh,
420 3669 469 3738 441
488 3688 545 3740 sqq,
609 3684 680 3716 notua
695 3661 734 3716 iot
753 3655 778 3716 ir
794 3660 937 3732 opininio,
958 3661 986 3719 tte
1004 3682 1076 3729 cresc,
1095 3656 1118 3714 is

94 3742 135 3814 (5)
155 3746 223 3798 Hinc
244 3748 339 3818 Hygia.
365 3751 437 3801 Poet,
461 3749 567 3801 Astron.
609 3742 722 3797 πλάσσειν
746 3743 879 3813 riviniacus
902 3743 1033 3810 ipoinim·
1052 3739 1117 3817 eoois

57 3823 104 3874 lib.
115 3825 148 3890 11,
159 3843 183 3875 c.
197 3826 242 3877 15:
257 3826 459 3892 uPrometheus,
469 3828 567 3899 inquit,
609 3817 655 3892 peip
673 3820 717 3891 oti,
735 3822 764 3878 tie
780 3824 889 3876 aaudiat
906 3821 991 3878 aiacis
1007 3819 1056 3874 riori
1076 3821 1116 3875 otc

57 3916 169 3974 propter
177 3897 359 3957 excellentiam
368 3908 466 3977 ingenii
476 3909 568 3959 miram
608 3901 1115 3967 tpavtrtoatecpmtatmmid.etiam

58 3980 568 4048 hominesfinxisseexistimatur3sAfn'-
608 3982 706 4034 Banier
716 3982 734 4032 l.
745 4001 768 4033 c.
781 3984 812 4033 Τ.
828 3984 875 4048 ΙΙΙ,
890 4001 917 4052 p.
934 3997 981 4032 221
1000 3998 1039 4049 sq.

57 4078 140 4113 canus
153 4081 216 4113 vero
229 4061 274 4115 lib.
293 4064 341 4127 llI,
357 4063 504 4135 Chronogr.
522 4083 565 4136 ap.
643 4061 681 4132 (6)
693 4063 736 4113 Ad
754 4065 825 4132 Virg.
843 4061 897 4112 Ecl.
914 4061 962 4126 Vl,
978 4059 1026 4125 lm
1044 4059 1075 4110 T.
1088 4061 1114 4129 Ι,

57 4140 153 4192 Euseb.
166 4144 247 4213 Praep.
263 4140 309 4193 lib.
320 4144 357 4208 X,
370 4133 393 4194 c.
410 4160 455 4208 10,
465 4161 491 4213 p.
503 4141 563 4212 49¹·
605 4161 667 4213 pag.
684 4142 733 4194 160
745 4154 813 4193 nost.
825 4139 963 4192 Editionis.
976 4141 1023 4189 En.

56 4219 143 4288 Viget.
167 4238 246 4291 quem
263 4218 355 4272 laudat
380 4221 489 4273 Huetius
512 4219 565 4271 De·
641 4222 681 4291 (7)
692 4221 802 4292 Mythol.
813 4219 859 4271 lib.
872 4220 941 4285 ll,c.
953 4236 979 4286 9.
