2648 4822
456 401 487 465 t.
511 399 552 467 e.
574 398 605 465 e.
629 398 886 467 scuwxru.
1173 432 1192 499 t

155 536 271 629 quibus
284 538 397 628 paullo
409 539 592 604 accuratius
605 536 759 618 disserui,
781 539 901 605 additis
915 539 1196 611 observationibus

155 643 450 708 critico-litterariie
468 644 688 731 Descriptioni
702 658 813 707 autem
828 643 958 710 Codicis
972 646 1194 729 Divionensis,

153 751 207 838 qui
221 749 452 838 complectitur
465 750 597 815 Romuli
614 749 812 813 Fabulamm
827 750 928 815 libros
945 754 990 815 lV
1004 752 1131 843 adjecta
1147 772 1196 820 cst

150 853 282 919 uberior
295 853 472 942 descriptio
486 854 562 918 libri
574 853 672 940 longe
685 855 854 933 rarissimi,
866 853 1029 920 Editionis
1038 859 1194 921 nimirum

150 956 327 1039 Ulmensis,
343 961 377 1024 in
389 981 453 1049 qua
462 959 589 1036 insunt,
604 957 809 1047 praeteralia,
823 958 913 1024 Libri
926 961 970 1023 IV
980 959 1192 1040 Fabulam,

148 1065 265 1131 eodem
277 1066 420 1131 Romulo
433 1081 577 1130 auctore.

186 1192 312 1257 Notitia
322 1189 479 1257 litteraria
493 1191 722 1279 complectitur

187 1300 231 1363 ΙΙ.
243 1298 392 1364 Iudicem
402 1297 594 1363 Editionum
602 1296 731 1362 Phaedri
741 1296 1049 1386 locupletissimum,
1061 1301 1193 1389 impres·

147 1424 252 1467 tarum
262 1401 342 1467 inde
351 1402 393 1466 ab
402 1426 489 1468 anno
499 1403 670 1468 MDXCVI
683 1401 840 1492 usquead
850 1425 973 1467 anuum
983 1406 1189 1472 MDCCClll.

147 1510 337 1590 Trecentus,
355 1527 387 1575 et
403 1509 493 1600 quod
513 1512 668 1589 excurrit,
689 1510 859 1575 Editiones
874 1513 1038 1590 recensui,
1057 1511 1191 1602 adjunc-

146 1615 197 1696 tis,
220 1618 248 1680 si
267 1616 339 1681 lieri
358 1632 483 1705 posset,
505 1617 611 1704 plenis
626 1616 745 1698 titulis,
764 1639 857 1705 aeque
875 1640 912 1681 ac
926 1619 1049 1682 Notitia
1065 1621 1191 1685 critico·

144 1720 307 1788 litteraria.
322 1724 428 1806 Quam
440 1723 596 1811 plurima,
612 1723 653 1788 ab
663 1724 733 1789 aliis
746 1722 995 1789 Litteratoribus
1006 1741 1039 1788 et
1050 1723 1189 1791 Editori·

144 1810 200 1894 bus
215 1831 351 1910 omissa,
374 1822 539 1918 supplevi3
559 1855 626 1895 non
648 1855 751 1919 pauca
771 1828 959 1909 emendavi,
981 1830 1023 1895 ab
1040 1832 1111 1895 aliis
1131 1849 1188 1898 aut

143 1935 236 2016 falso,
252 1952 310 2001 aut
320 1960 437 2024 parum
448 1953 598 2001 accurate
612 1939 729 2003 litteris
744 1940 948 2024 consignata3
965 1953 997 2001 at
1011 1938 1186 2017 nonnulla,
1217 2000 1225 2011 ,

140 2045 172 2106 in
184 2066 345 2132 suspenso
360 2036 592 2133 relinquenda,
609 2045 717 2109 lucem
734 2059 922 2132 exspectant
938 2067 957 2107 a
973 2046 1050 2109 viris
1065 2044 1184 2125 doctis,

140 2149 184 2211 rei
197 2148 363 2213 litterariae
375 2151 494 2236 gnaris.
510 2147 614 2213 Indici
630 2148 822 2214 Editionum
835 2148 987 2240 subjunxi

181 2255 241 2319 Ill.
255 2254 441 2319 Elenchum
453 2256 665 2336 Versionum,
682 2255 843 2322 editarum
858 2258 892 2321 in
907 2257 1096 2337 Germania,
1117 2257 1186 2323 Bel·

135 2381 203 2446 gro‚
214 2358 347 2447 Anglia,
359 2360 477 2441 Gallia,
488 2360 595 2439 Italia,
610 2378 685 2439 eto,
697 2363 818 2450 passim
830 2363 1022 2426 intermixtis
1033 2363 1125 2427 Notis
1135 2362 1185 2428 lit·

136 2465 271 2528 terariis.
282 2466 464 2528 Memoravi
474 2467 603 2529 circiter
610 2466 716 2529 XXVI
724 2468 962 2530 Germanorum
974 2468 1183 2554 interpretes,

133 2592 152 2634 a
176 2568 298 2660 quibus
319 2570 372 2634 vel
395 2573 577 2650 universas,
600 2570 653 2636 vel
673 2572 817 2659 singulas
837 2571 962 2636 fabulas
981 2575 1015 2636 in
1037 2573 1183 2660 linguam

132 2675 363 2740 Germanicam
375 2676 545 2739 translatas
561 2697 631 2739 esse
643 2692 784 2756 constat3
802 2678 998 2740 Batavorum
1011 2677 1066 2755 lV,
1087 2678 1183 2743 Italo·

130 2802 207 2844 rum
221 2781 284 2858 VI,
305 2779 486 2866 Anglorum
501 2782 579 2860 ΧΠ,
601 2780 770 2844 Gallorum
789 2782 957 2868 ingentem
975 2803 1052 2845 sane
1072 2802 1183 2846 nume·

130 2905 221 2963 rum,
233 2883 354 2972 quibus
364 2880 566 2974 adjungendi
577 2898 669 2947 erant
679 2882 847 2963 Germani,
862 2885 919 2972 qui
928 2881 1103 2947 Phaedrum
1113 2907 1182 2947 ver·

129 3007 242 3055 terunt
260 2990 399 3070 Gallice,
417 3007 455 3054 ut
472 2992 620 3055 omittam
637 2990 717 3054 alios
736 2989 874 3055 aliarum
889 2992 1062 3053 notionum
1080 2991 1182 3055 Inter-

128 3113 252 3186 pretes.

174 3200 239 3266 Sed
254 3225 297 3267 ne
312 3202 346 3266 in
359 3201 512 3267 Editione
524 3201 652 3266 Phaedri
664 3200 805 3291 pleniori
820 3198 1002 3289 quidquam
1014 3200 1180 3268 desidera·

128 3324 235 3388 retur,
252 3307 417 3397 disputavi

173 3415 230 3477 IV.
250 3416 302 3478 De
317 3413 545 3502 scriptoribus,
564 3411 740 3477 Phaedrum
755 3413 1006 3496 illustrantibus,
1020 3438 1058 3479 ae
1072 3419 1180 3504 primo

129 3515 268 3605 quidem
288 3516 329 3581 de
348 3517 605 3607 antiquioribus,
622 3518 678 3608 qui
694 3534 770 3582 sunt
784 3517 933 3600 Bebrius,
954 3519 1179 3607 Aphthonius,

130 3624 277 3709 ignatius
290 3614 468 3702 Dicturus,
488 3624 663 3703 Romulus,
681 3626 873 3714 Anonymus
886 3624 1035 3705 Nilantii,
1051 3630 1181 3717 Anony-

129 3751 202 3793 mus
223 3730 390 3811 Neveleti,
411 3733 604 3796 Vincentius
625 3731 874 3796 Bellovace'nsis:
897 3730 939 3796 de
960 3755 1103 3822 quorum
1123 3756 1180 3798 no·

129 3834 233 3912 mine,
254 3849 364 3914 aetate,
383 3857 448 3924 qua
459 3836 617 3914 floruere,
634 3856 730 3924 teque
745 3858 782 3900 ac
798 3836 916 3901 fabulis
928 3859 1108 3925 earumque
1121 3840 1180 3901 Co·

128 3933 259 4002 dicibus
270 3939 360 4003 MSS.
374 3956 407 4004 et
421 3938 644 4018 Editionibus,
662 3939 801 4030 aliisque
815 3943 929 4020 rebus,
948 3940 990 4005 ad
1009 3963 1080 4006 rem
1098 3942 1180 4006 litte·

129 4046 246 4108 rariam
262 4046 506 4134 pertinentibus
524 4050 659 4134 exposui
671 4049 769 4136 paulo
784 4048 929 4113 uberius,
947 4030 1064 4137 Neque
1079 4049 1179 4111 etiam

129 4148 258 4215 silentio
274 4144 470 4241 praetermisi
487 4153 661 4240 scriptores
680 4156 895 4233 recentiores,
917 4154 951 4219 in
969 4168 1111 4241 quorum
1125 4155 1178 4218 vel
