2648 4822
228 367 266 433 15
565 312 929 457 tirrannum.

222 509 337 569 indicat
348 506 388 583 (t)
402 527 408 563 :
421 503 476 563 ubi
489 500 609 574 fatetur,
625 504 766 581 quamvis
778 503 938 583 insiguiter
951 506 984 562 in
997 518 1060 565 arte
1072 528 1127 567 sua
1139 529 1172 568 se
1185 528 1269 569 exer·

221 598 331 668 cuerit,
344 590 499 652 fastidiose
512 602 615 647 tamen
628 592 661 647 in
673 611 832 648 musarum
845 607 958 651 coetum
974 594 1078 674 recipi.
1095 621 1109 652 a
1260 610 1263 615 '

261 681 408 744 Phaedrus
433 679 526 755 igitur
549 691 688 759 tempore
713 679 840 737 Caesaris
861 682 980 739 Octavii
1007 684 1157 762 Augusti,
1180 682 1269 763 cujus

221 773 371 835 memoria
390 780 420 827 et
440 766 610 826 recordatio
630 770 657 825 ei
678 783 742 827 erat
762 767 998 848 jucundissima,
1020 772 1096 831 vixit
1114 774 1269 853 rebusque

221 859 361 922 secundis
373 876 445 914 usus
458 867 510 912 est.
523 855 596 914 Post
608 857 735 935 Augusti
751 856 883 930 obitum,
896 858 1020 917 Tiberio
1034 859 1200 940 imperium
1213 860 1268 918 ad-

222 952 428 1017 ministrante,
450 943 483 1001 in
501 963 648 1022 magnam
669 943 778 1003 incidit
796 944 1015 1018 calamitatem,
1038 946 1112 1007 odio
1133 948 1269 1006 maxime

222 1037 339 1116 Sejani,
357 1035 409 1114 qui
426 1053 483 1112 pro
502 1032 629 1091 arbitrio
647 1047 757 1092 cuncta
776 1033 901 1113 gerebat
916 1034 973 1093 sub
990 1035 1130 1110 Tiberio,
1147 1050 1178 1095 et
1195 1058 1270 1096 nos·

221 1134 320 1198 trum,
332 1122 409 1181 fictis
426 1135 601 1179 accusatum
616 1122 814 1196 criminibus,
836 1122 1044 1183 damnaverat.
1060 1126 1270 1206 Conqueritur

158 1256 163 1271 .
220 1216 307 1275 enim
319 1212 415 1284 Prol,
426 1210 494 1268 Lib.
504 1211 546 1268 ΙΙΙ
557 1253 565 1282 ,
575 1231 603 1269 v.
615 1208 685 1284 4ο...
698 1207 746 1284 43.

363 1341 443 1411 Quod
456 1345 476 1394 si
489 1356 627 1394 accusator
637 1341 701 1394 alius
711 1343 805 1411 Sejano
815 1343 897 1408 foret,

362 1424 388 1476 si
398 1424 469 1474 testis
480 1420 558 1481 alius,
564 1421 646 1491 judex
657 1421 722 1473 alius
732 1422 859 1492 denique;

361 1507 476 1575 Dignum
486 1504 580 1553 faterer
590 1520 646 1554 csse
655 1522 696 1554 me
706 1506 784 1556 tantis
794 1503 876 1555 malis.

263 1625 325 1702 Qui
347 1623 464 1683 facturn
487 1625 538 1698 sit,
560 1624 647 1683 utin
666 1623 775 1683 odium
797 1622 899 1703 Sejani
913 1626 1095 1699 incurreret,
1111 1648 1171 1708 pro
1185 1640 1269 1687 cetto

222 1713 379 1775 adfirmari
395 1733 459 1771 non
474 1723 584 1793 potest.
599 1709 733 1792 Conjicit
745 1711 932 1787 Schefferus,
954 1712 1140 1789 Phaedrum,
1154 1715 1194 1773 ab
1208 1716 1270 1773 Au·

223 1816 312 1884 gusto
330 1801 470 1859 libertate
494 1799 662 1872 donatum,
684 1801 786 1880 primo
805 1801 992 1881 Augustum,
1011 1814 1041 1859 et
1061 1822 1136 1860 mox
1157 1822 1195 1861 eo
1218 1802 1271 1861 de-

221 1894 329 1954 functo
344 1903 481 1974 posteros
494 1889 576 1949 illius
588 1910 704 1948 amasse
717 1904 748 1948 et
761 1891 889 1950 coluisse
902 1915 908 1949 :
921 1912 999 1973 quos
1013 1894 1093 1952 inter
1105 1915 1205 1974 quum
1217 1915 1269 1953 ex-

217 1984 331 2058 stiterit
348 1983 484 2063 primum
503 1979 652 2060 Agrippa,
674 1978 786 2038 deinde
806 1980 1023 2056 Germaniam,
1047 2001 1113 2040 uon
1132 1982 1270 2062 potuisse

222 2072 322 2131 deesse
341 2071 492 2128 rationem
510 2067 634 2148 Sejano,
654 2068 840 2127 criminandi
853 2066 1018 2128 Phaedrum
1031 2068 1114 2150 apud
1127 2071 1271 2129 inviden-

220 2172 284 2218 tem
306 2172 397 2237 atquc
421 2158 608 2237 suspicacem
633 2160 805 2238 principem
828 2158 997 2217 Tiberium.
1025 2157 1082 2217 Sed
1109 2157 1176 2217 baec
1200 2180 1270 2219 nou

222 2267 369 2326 magnam
389 2246 452 2303 vcri
471 2246 602 2325 speciem
618 2243 731 2304 habere
748 2260 778 2304 et
794 2246 887 2325 longe
905 2249 1000 2328 petita
1014 2246 1093 2305 mibi
1113 2245 1269 2305 videntur.

224 2337 291 2396 lmo
302 2355 373 2393 vero
386 2330 533 2395 Phaedrus
544 2347 700 2393 auctorem
710 2333 893 2394 calamitatis
904 2355 965 2395 suae
978 2357 1008 2394 se
1020 2337 1084 2420 ipse
1095 2334 1209 2395 fatetur
1218 2337 1272 2415 (2),

224 2423 377 2483 scribens:

629 2548 742 2600 Servitus
753 2549 867 2602 obnoxia

364 2628 447 2694 Quia,
458 2646 515 2698 quae
524 2626 642 2691 volebat,
652 2645 706 2678 non
717 2627 831 2680 audebat
841 2629 941 2696 dicere,

364 2710 491 2762 Adfectus
500 2710 621 2778 proprios
631 2710 658 2757 in
667 2707 777 2760 fabellas
787 2709 931 2776 transtulit,

363 2780 579 2859 Calumniamque
589 2787 654 2839 fictis
664 2788 823 2858 elusitjocis.

362 2869 418 2938 Ego
428 2865 496 2917 illius
505 2884 554 2935 pro
565 2867 656 2916 semita
665 2866 716 2917 feci
725 2869 807 2933 viam,

362 2950 395 3000 Et
405 2948 517 3017 cogitavi
526 2944 615 3016 plura,
626 2964 705 3016 quam
716 2946 868 3019 reliquerat,

336 3062 344 3075 .
363 3029 393 3078 ln
403 3024 578 3078 calamitatem
587 3024 703 3095 deligens
713 3026 830 3096 quaedam
840 3045 932 3077 meam.

262 3152 383 3226 Quibus
397 3172 413 3210 e
424 3149 526 3209 verbis
538 3149 644 3231 colligi
659 3163 772 3232 potest,
790 3151 941 3232 scripsisse
953 3148 1118 3210 Phaedrum
1130 3152 1270 3229 fabulas,

222 3240 335 3320 quibus
350 3237 449 3317 Sejani
469 3238 664 3321 aliorumque
681 3241 740 3298 iras
759 3241 940 3311 concitarem
957 3241 1011 3297 etsi
1027 3241 1195 3317 simularet,
1210 3246 1271 3306 sibi

222 3345 290 3384 non
314 3340 448 3384 mentem
465 3347 527 3386 csse
539 3342 648 3387 notare
666 3327 819 3407 singulos;
843 3326 926 3386 Prol.
943 3328 1002 3401 ΙΙΙ,
1017 3325 1087 3402 4..ο
1103 3330 1150 3390 50.
1165 3330 1270 3390 Verba

223 3435 308 3475 cmm
323 3436 329 3470 :

363 3543 393 3592 ln
403 3539 577 3595 calamitatem
585 3544 703 3616 deligens
712 3546 833 3617 quadam
841 3565 942 3612 meam,

223 3687 289 3728 non
310 3668 539 3747 interpretanda
559 3673 818 3733 suut:nonnulla
838 3671 997 3754 applicans
1018 3673 1057 3732 ad
1076 3673 1174 3750 mala,
1196 3696 1267 3757 quae

214 3817 217 3823 ,
222 3776 328 3839 passus
340 3774 422 3829 sum,
438 3756 536 3836 quod,
551 3772 660 3838 praeter
674 3758 770 3835 alios,
781 3759 849 3819 vult
860 3762 999 3834 Clusius,
1016 3761 1130 3841 Anglus
1142 3764 1202 3843 (3);
1216 3767 1269 3826 sed

204 3969 207 3973 ·
257 3946 375 4020 (1)Prol.
387 3946 432 3998 lib.
445 3950 492 4015 ΙΠ,
504 3948 552 4016 41,
567 3950 609 4002 23.
768 3955 799 4005 T.
810 3957 833 4021 Ι,
844 3974 905 4026 pag.
917 3956 983 4022 344,
992 3976 1058 4008 vers.
1067 3975 1147 4026 germ.
1159 3959 1192 4008 ci.
1204 3960 1271 4015 Not.

259 4028 298 4099 (2)
308 4027 376 4079 Prol.
388 4025 433 4079 lib.
445 4029 493 4095 ΙΙΙ,
506 4028 554 4095 34,
566 4029 608 4095 4ο.
769 4033 804 4083 ad
818 4032 886 4083 Prol.
903 4036 950 4100 ΙΙΙ,
961 4034 1010 4101 4ο,
1022 4051 1047 4089 et
1059 4037 1151 4089 Jacobs
1165 4035 1184 4090 l.
1202 4057 1225 4093 c.
1241 4060 1269 4111 p.

179 4176 182 4181 ι
259 4109 358 4181 (3)Vit.
370 4107 484 4177 Phaedri,
497 4128 553 4184 quae
565 4121 657 4163 exstat.
669 4108 687 4163 Ι.
700 4128 723 4161 c.
769 4111 817 4176 35,
829 4125 883 4165 not.
896 4110 906 4181 (
923 4113 942 4185 ).

677 4228 680 4233 ,
905 4200 1101 4235 ..an-*-
