2648 4822
517 352 785 420 ramnrro.
1142 368 1175 428 u
1240 317 1242 320 ’

130 491 296 591 integram
324 492 501 567 Schwabii
524 495 590 589 (r),
616 494 717 594 cujus
741 496 869 568 miram
894 501 1115 597 sagacitatem
1139 504 1176 576 in

129 608 213 682 vitiis
226 612 429 703 odorandis,
443 633 476 685 et
487 636 608 711 parem
620 609 795 685 solertiam
810 613 849 685 in
863 614 988 687 iisdem
1000 617 1177 711 tollendis,

130 752 198 798 non
226 726 384 798 dubitem
411 727 543 798 critices
569 726 746 818 studiosis,
774 749 946 827 tanquam
973 733 1178 830 praeclarum
1208 746 1222 751 ’“

130 841 232 941 hujus
249 841 332 913 artis
355 840 574 940 exemplum,
592 841 859 914 commendare:
885 844 1041 917 doctrina
1063 868 1181 920 autem
1246 899 1250 907 -

134 979 180 1031 est
194 957 385 1058 ejusmodi,
404 959 493 1030 utin
508 957 593 1029 locis
610 957 763 1030 obscuris
779 959 885 1050 nihil,
904 963 998 1060 quod
1012 963 1183 1035 conduce·
1250 1053 1251 1056 Ἴ
1315 1008 1321 1015 -

133 1095 182 1151 ret
194 1072 239 1144 ad
249 1073 486 1171 explanandos
499 1098 575 1162 eos,
591 1073 876 1171 praetermitteret.
889 1076 1113 1176 Quapropter
1121 1103 1184 1176 per

133 1188 251 1259 omnia
261 1206 397 1259 secutus
407 1214 487 1257 surn
498 1186 738 1258 recensionem
750 1208 877 1279 textus,
892 1191 1034 1287 qualem
1046 1192 1184 1263 Schwa-

131 1304 208 1376 bius
218 1303 372 1375 dederat.
386 1305 605 1401 Expresserat
616 1303 644 1374 is
655 1302 849 1376 editionem
859 1307 1182 1399 Burmannianam,

131 1421 279 1493 maxime
301 1420 483 1521 probatam
502 1440 582 1491 ante
605 1419 739 1518 ipsum,
762 1441 866 1518 atque
890 1422 994 1494 etiarn
1014 1406 1184 1521 probabi-¹

131 1537 218 1625 lem,
238 1537 307 1608 nisi
329 1535 425 1633 quod
443 1538 684 1625 Burmannus,
710 1534 848 1606 ablatus
871 1536 996 1609 eadem
1018 1538 1182 1629 fidentia,
1238 1544 1240 1548 ’

132 1678 236 1748 quam
249 1651 287 1722 irr
302 1649 495 1723 editoribus
510 1649 668 1749 angliciS,
682 1649 840 1751 Bentleio
853 1671 956 1750 atque
968 1642 1095 1743 Hario,
1111 1654 1185 1753 ipse

132 1757 367 1866 reprehendit,
386 1792 459 1838 non
477 1793 549 1838 uno
564 1766 640 1838 loco
655 1766 790 1841 formas.
801 1767 1031 1866 elegantiores
1044 1770 1103 1864 (ut
1116 1768 1183 1839 sibi

132 1885 329 1980 videbatur)
358 1883 504 1956 Phaedro
529 1911 571 1955 cx
592 1884 734 1982 ingenio
759 1884 960 1957 obtruserat.
989 1886 1061 1954 Has
1085 1911 1185 1982 paene

136 2028 278 2093 omneS,
313 2000 446 2074 collatis
478 1999 578 2071 libris
609 1999 871 2098 manuscriptis,
903 1999 1055 2071 exsulare
1082 1996 1187 2100 jussit

133 2117 334 2208 Schwabius
349 2116 447 2213 (vide
464 2116 708 2188 Praefationem
721 2115 810 2216 ejus,
829 2114 1056 2215 iudicemque
1069 2142 1187 2188 emen·

133 2235 315 2309 dationum
335 2261 415 2333 pag.
442 2234 512 2305 316
535 2231 643 2333 hujus
665 2231 892 2327 voluminis),
918 2233 955 2303 in
978 2232 1124 2332 singulis
1148 2253 1187 2304 ut

134 2376 273 2449 equum
288 2368 375 2436 erat,
390 2368 488 2421 caute
500 2347 787 2446 pedetentimque
799 2372 925 2445 agens:
943 2368 1046 2438 recte,
1062 2368 1102 2419 ut
1113 2348 1188 2445 opi-

134 2492 211 2556 nor,
222 2463 405 2566 judicans,
422 2464 460 2536 in
477 2483 596 2561 poeta,
612 2461 712 2562 cujus
726 2483 798 2534 tam
813 2463 915 2561 pauci
933 2462 1109 2561 supersint
1125 2488 1187 2533 co-

135 2580 240 2672 dices,
255 2580 397 2652 nullam
413 2579 619 2678 religionem
634 2605 734 2678 posse
749 2579 899 2652 nimiam
913 2579 1035 2651 videri.

179 2695 484 2769 Verumeditioni
498 2695 734 2768 Schwabianae
753 2721 830 2793 quae
853 2696 955 2786 ratio,
981 2720 1058 2793 quae
1082 2714 1194 2765 ornar'
1255 2766 1257 2772 ,

136 2812 350 2903 mentasint,
369 2811 529 2911 pluribus
545 2813 658 2886 verbis
675 2809 947 2912 quiddoceam?
966 2810 1058 2886 Scire
1073 2836 1113 2881 ea
1129 2834 1190 2880 ac-

136 2951 252 3002 tutum
263 2929 444 3002 aventibus
454 2949 672 3029 praestosunt
681 2929 788 3029 ipsius
797 2929 957 3001 Praefatio
967 2930 1018 3023 (2)
1031 2926 1189 3026 proxime

136 3047 305 3147 subjecta,
330 3072 406 3144 quae
428 3045 473 3116 de
493 3046 651 3118 instituto
676 3046 893 3143 consilioque
916 3070 980 3116 suo
1002 3045 1192 3143 prudenter

138 3161 176 3235 ac
198 3163 338 3262 copiose
357 3161 533 3253 disseruit,
558 3183 591 3233 et
616 3160 777 3261 ejusdem
801 3160 887 3232 varii
911 3163 1100 3248 Excursus,
1123 3161 1192 3230 vita

137 3279 272 3352 Phaedri
291 3306 331 3350 ex
350 3277 514 3368 Phaedro,
538 3297 641 3376 atque
663 3275 793 3349 Notitia
813 3275 976 3348 litteraria
997 3276 1039 3348 de
1054 3275 1190 3348 Phaedri

138 3394 299 3494 operibus
327 3394 395 3488 (3),
424 3391 480 3463 cui
501 3390 646 3462 feliciter
667 3390 862 3492 subjunctae
888 3411 970 3463 sunt
998 3391 1193 3463 adnotatio-

138 3538 198 3584 nes
213 3508 547 3608 emendationesque
571 3506 719 3606 gallicae,
741 3529 904 3606 testantes
925 3512 1099 3606 quantum
1118 3506 1192 3578 haec
1296 3541 1299 3544 ⁴

139 3646 254 3698 nostra
264 3622 371 3696 editio
387 3621 511 3695 debeat
523 3624 604 3694 Ant.
613 3621 709 3695 Alex.
721 3621 875 3710 Bardier,
893 3624 992 3726 cujus
1002 3646 1143 3696 summa
1154 3621 1191 3691 in

139 3767 173 3811 re
196 3736 477 3836 bibliographica
493 3756 610 3808 nostro
630 3762 701 3808 aevo
718 3737 904 3809 auctoritas
922 3735 1032 3835 viget3
1058 3733 1190 3835 quique

171 3957 211 4029 (r)
224 3959 286 4009 Erec
297 3955 369 4009 edita
378 3968 416 4008 est
428 3960 590 4030 Brunsvigee,
609 3959 689 4024 1806,
705 3978 718 4012 2
734 3958 796 4011 voll.
808 3959 884 4013 itt-8⁰.

172 4038 212 4110 (a)
223 4036 340 4110 Hujusce
354 4039 432 4104 tomi,
445 4058 472 4110 p.
488 4055 497 4091 r
516 4057 553 4111 sq.

171 4115 211 4189 (3)
224 4116 292 4169 laid.
306 4135 334 4187 p.
349 4133 382 4187 ²9
393 4135 437 4187 sq«
