2648 4822
133 388 156 456 6
511 441 515 447 .
534 387 780 452 PRAEFATlO

134 530 170 595 in
189 528 308 618 quibus
327 527 492 593 fabulator
504 544 616 592 noster
631 527 730 614 vulgo
750 527 833 593 solet
845 524 1049 615 reprehendi
1067 549 1088 593 a
1103 527 1181 597 loeo

127 638 240 723 eingio
252 653 286 701 et
297 658 404 723 nuper
413 658 431 699 a
439 634 479 699 cl.
488 633 620 720 Jacobs(
627 638 655 720 ι)
664 652 696 700 et
705 634 869 718 aliis.Quo
881 638 915 700 in
923 658 1043 722 genere
1053 638 1180 702 insum

133 756 295 818 versatus,
307 756 423 804 utnon
432 762 505 803 raro
515 741 716 804 remitterem
725 739 865 806 lectores
874 739 915 804 ad
925 739 1182 808 Observationes

133 847 274 915 Jacobsii
285 848 326 910 V.
341 846 389 912 Cl.
406 847 445 911 T.
463 846 653 934 lpraefixas,
672 844 870 936 easdemque
889 862 985 911 acute
1003 862 1036 911 et
1050 847 1183 914 erudite

135 953 281 1038 scriptas.
293 952 445 1040 Cumque
459 953 686 1039 interpretatio
699 951 877 1015 verborum
891 968 925 1016 et
937 950 1106 1039 phrasium
1121 951 1184 1017 dif-

135 1055 310 1121 liciliorum
327 1055 515 1136 vernacula,
535 1058 637 1144 priori
651 1054 779 1120 Phaedri
798 1054 945 1120 Editioni
958 1055 1084 1135 addita,
1103 1059 1183 1124 viris

135 1159 241 1225 doctis
255 1158 431 1247 placuisset
444 1162 502 1246 (2),
520 1163 619 1225 etiam
632 1157 687 1224 hic
700 1177 810 1248 aptam
824 1177 857 1225 et
873 1183 1052 1248 congruam
1065 1162 1184 1226 multo-

136 1284 211 1327 rum
221 1262 369 1326 locorum
378 1265 564 1327 versionem
575 1264 802 1327 Germanicam
811 1263 960 1354 adjunxi,
974 1287 1052 1328 usus
1061 1266 1184 1330 versio-

136 1365 235 1431 nibus
252 1368 389 1448 Gerikii,
405 1371 544 1432 maxime
559 1367 702 1447 Sattleri,
717 1368 913 1433 Professoris
928 1386 960 1433 et
973 1371 1183 1435 Conrectoris
1212 1426 1216 1433 .

138 1473 305 1563 Gymnasii
317 1476 599 1562 Norimbergensis
612 1475 807 1555 doctissimi,
819 1478 940 1564 passim
950 1475 1120 1541 nonnullis
1131 1476 1186 1543 ad·

138 1579 215 1645 ditis
230 1580 271 1646 de
285 1605 372 1647 meo.
391 1582 441 1648 De
460 1583 586 1664 multis,
607 1602 681 1672 quae
696 1584 863 1671 pertinent
878 1581 921 1646 ad
936 1581 1121 1663 historiam,
1140 1581 1186 1648 ad

137 1689 364 1776 antiquitates,
387 1713 458 1754 rem
480 1690 685 1770 litterariam,
712 1690 1015 1777 interpretationem
1037 1689 1185 1779 denique

137 1792 288 1859 locorum
308 1795 548 1877 difficiliorum,
570 1800 605 1862 in
624 1796 821 1861 Excursibus
844 1795 1007 1884 disputavi
1028 1796 1185 1861 uberius:

139 1924 207 1990 quo
225 1890 392 1968 referendi
409 1928 437 1970 e.
455 1928 483 1970 c.
504 1907 666 1969 Excursus
685 1903 728 1968 de
747 1905 882 1991 AEsopn,
905 1900 947 1966 de
966 1904 1068 1992 aequis
1086 1902 1188 1969 Athe·

137 2009 302 2073 niensium
316 2010 467 2098 legibus,
480 2011 521 2076 de
536 2028 622 2076 statu
635 2010 824 2098 reipublicae
839 2009 1091 2074 Atheniensium
1104 2027 1189 2074 tem-

133 2135 221 2198 pore
238 2114 408 2191 Pisistrati,
428 2138 573 2179 necnon
590 2114 631 2179 de
646 2138 732 2178 anno
746 2116 844 2192 arcis,
862 2113 903 2177 ah
920 2112 984 2177 hoc
1000 2131 1186 2202 occupatae3

56 2294 59 2304 ἱ
138 2215 182 2281 de
197 2219 346 2281 Personis
358 2219 502 2304 tragicis,
519 2218 560 2282 de
570 2221 710 2283 Atriensi
721 2219 901 2301 alticinct0;
917 2218 959 2284 de
971 2220 1047 2285 villa
1059 2221 1187 2287 Tiberii

138 2322 334 2403 Misenensi,
348 2322 389 2387 de
400 2325 496 2388 titulo
506 2326 729 2389 Romanorum
740 2326 975 2412 imperatorum
985 2326 1065 2390 Dux
1075 2344 1108 2392 et
1118 2328 1190 2393 Do-

138 2431 257 2507 minus;
279 2428 320 2493 de
333 2429 498 2520 Eutycho,
520 2429 649 2495 Phaedri
662 2447 816 2519 patron03
838 2432 879 2496 de
892 2435 1127 2516 Centumviris3
1144 2433 1189 2500 de

138 2537 307 2600 Demetno
320 2535 492 2617 Phalereo,
507 2555 539 2602 et
554 2541 611 2627 qui
626 2554 702 2603 suut
714 2537 813 2629 hujus
824 2540 953 2627 generis
965 2538 1030 2604 alii.

184 2645 271 2709 Huic
289 2643 434 2709 Editioni
455 2646 579 2734 praefixi
604 2647 711 2710 Vitam
730 2645 859 2713 Phaedri
875 2669 915 2711 ax
935 2645 1077 2714 Phaedro.
1101 2650 1189 2712 Cum

138 2753 227 2816 enim
238 2752 362 2831 omnia,
374 2776 448 2841 quae
457 2755 624 2842 pertinent
633 2753 675 2818 ad
685 2755 784 2833 vitam
796 2771 829 2818 et
839 2756 905 2819 fata
914 2753 1052 2834 Phaedri,
1064 2754 1190 2821 lateant

136 2858 252 2922 crassis
272 2857 432 2922 occultata
447 2874 479 2922 et
496 2859 693 2923 circumfusa
707 2859 866 2939 tenebris3
887 2861 965 2947 ipsae
980 2857 1100 2922 fabulae
1114 2861 1190 2923 uni-

136 2989 195 3031 cus
210 2966 285 3030 fons
299 2965 455 3054 putandae
470 2981 560 3046 sunt,
581 2990 619 3030 ex
637 2989 704 3056 quo
723 2967 824 3030 vitam
841 2966 913 3058 ejus
926 2965 1125 3031 hauriamus.
1147 2968 1187 3032 ln

138 3093 176 3133 ea
196 3087 306 3136 autem
328 3069 565 3136 conscribenda
586 3093 624 3134 ea
641 3071 849 3158 potissimum
869 3068 1000 3135 utilitati
1016 3069 1098 3134 mihi
1117 3070 1189 3135 fue-

136 3186 228 3253 runt,
245 3199 318 3263 quae
332 3176 535 3255 Schefferus,
551 3176 730 3254 Funccius,
745 3174 928 3255 Fabricius,
943 3177 1092 3254 Crusius,
1114 3177 1187 3238 An·

137 3278 220 3367 plus,
236 3280 458 3348 Desbillonius
471 3284 513 3349 de
526 3299 624 3372 poeta
638 3299 753 3349 nostro
767 3284 935 3348 memoriae
948 3280 1186 3372 prodiderunt,

138 3386 183 3449 ita
200 3401 237 3448 ut
253 3387 372 3471 placita
389 3409 503 3451 corum
518 3388 580 3452 sub
597 3412 732 3453 examen
747 3410 1187 3476 vocarem,1novasquepas-

137 3493 198 3556 sim
220 3491 681 3580 conjecturasproponerem,
704 3495 807 3559 fultus
827 3495 1043 3581 argumentis,
1064 3507 1101 3557 ut
1122 3515 1186 3580 ego

139 3592 274 3683 quidem
285 3592 440 3672 arbitror,
453 3617 520 3658 non
533 3596 664 3683 ineptia.
905 3610 908 3615 “

181 3697 303 3763 Notitio
315 3695 468 3762 litterario
479 3696 517 3762 de
531 3697 678 3778 Phaedro,
694 3700 801 3762 Tomo
814 3700 829 3762 l
841 3702 1022 3787 praemissa,
1036 3700 1187 3765 continet

182 3807 208 3869 l.
222 3803 406 3869 Elenchum
417 3804 578 3870 Codicum
589 3806 679 3871 MSS.
692 3806 745 3869 vel
757 3803 901 3886 Phaedri,
914 3809 967 3872 vel
979 3806 1127 3886 Romuli,
1140 3806 1185 3872 da

172 3991 211 4063 (ι)
221 3991 261 4044 cf.
274 3990 423 4064 Nachtriipe
433 4011 468 4042 zu
481 3990 580 4043 Sulzers
594 3993 715 4056 Theon'e,
725 3992 755 4041 Τ.
765 3994 814 4055 Vl,
826 3995 853 4042 P.
867 3996 891 4055 1,
904 4013 930 4064 p.
946 4010 978 4061 29
991 4011 1048 4064 sqq.

137 4149 158 4206 Β
171 4069 432 4219 (;)Vid.1gbliotltelr
437 4069 488 4139 fiir
496 4069 542 4123 das
550 4071 697 4124 Sclutl-und
706 4071 948 4145 ll‘rzieltunpswescn
959 4073 986 4123 in
996 4069 1182 4124 Deutscttand.

160 4192 165 4202 .
210 4173 256 4224 ,p.
324 4191 331 4203 .
