2648 4822
431 383 461 450 J.
483 382 523 450 G.
546 384 577 448 S.
600 382 859 451 SCHWABII.
1145 390 1167 458 3

130 525 233 619 paullo
245 525 390 617 penitius
404 525 623 614 inspiciendas
640 543 672 590 et
680 525 925 614 ponderandas,
939 549 1006 618 quo
1025 532 1171 597 releren-

131 636 200 716 dus,
210 659 255 701 ne
266 634 352 700 desit
363 634 564 722 exemplum,
575 634 667 698 locus
677 636 715 698 L.
727 636 756 712 Ι,
768 636 803 699 F.
816 635 862 715 ΙΙ,
878 634 916 700 16
925 639 984 721 (ι),
995 655 1031 702 nt
1043 656 1169 707 taceam

130 744 167 810 de
175 745 257 823 aliis,
270 742 312 807 de
323 742 443 832 quibus
452 741 664 806 consulendae
675 758 750 806 sunt
760 744 853 806 Notae
863 761 993 809 nostrae.
1004 748 1119 835 Neque
1130 749 1172 812 si·

113 886 116 893 ·
129 852 225 917 lentio
238 848 539 939 praetermittendus
552 866 601 913 est
613 849 773 913 Romulus
786 851 1008 932 Divionensis,
1022 855 1116 944 cujus
1127 856 1185 920 fao.

129 956 217 1022 bulas
229 979 307 1020 cum
317 966 408 1020 textu
417 953 546 1018 Phaedri
557 952 731 1041 diligenter
741 955 879 1033 contuli,
895 979 957 1020 nec
969 959 1038 1023 sine
1048 960 1171 1026 fructu.
1186 960 1208 991 ’·
1253 996 1256 1001 -

131 1063 222 1126 Hunc
238 1062 328 1126 enim
341 1077 374 1124 et
385 1057 553 1125 firmandis
564 1056 755 1122 melioribus
770 1056 898 1122 Phaedri
910 1058 1121 1143 lectionibus,
1137 1083 1173 1131 e:

130 1168 246 1256 passim
259 1162 470 1231 emendando
484 1179 591 1250 poetae
610 1164 766 1227 inservire
782 1183 880 1251 posse
896 1165 1051 1232 intellexi.
1068 1170 1171 1237 Porro

131 1271 268 1361 inspexi,
283 1292 346 1357 pro
360 1292 402 1333 eo
414 1290 452 1331 ac
469 1266 584 1347 debui,
605 1267 775 1332 Editiones
789 1266 918 1333 Phaedri
932 1272 1073 1353 criticas,
1096 1290 1173 1362 pos:

131 1401 233 1445 meam
248 1376 438 1442 Editionem
450 1375 534 1466 juris
551 1376 651 1439 factas
667 1373 808 1464 publici,
828 1376 991 1458 Brotierii,
1013 1380 1174 1448 Desbillo·

132 1488 187 1566 nii,
201 1484 428 1573 Bipontinam,
444 1505 528 1572 qnos
538 1481 713 1547 Phaedrum
723 1507 741 1546 e
752 1506 810 1547 sua
824 1484 970 1571 ipsorum
979 1491 1172 1556 recensione

132 1590 270 1656 edidisse
284 1605 422 1653 constat.
444 1589 548 1652 Hasce
565 1587 734 1652 Editiones
751 1591 905 1669 maxime,
923 1590 1041 1679 quibus
1058 1594 1172 1686 adjun-

132 1696 234 1784 genda
255 1712 306 1760 est
328 1692 587 1773 Tzschuckiana,
610 1695 643 1756 in
662 1709 753 1757 textu
774 1692 884 1758 denuo
905 1699 1174 1784 recognoscendo

133 1825 248 1890 magno
262 1798 345 1863 mihi
360 1801 434 1863 usui
450 1799 565 1878 fuisse,
581 1798 699 1878 fateor,
715 1800 775 1862 etsi
790 1822 855 1863 non
871 1823 970 1863 unam
985 1825 1097 1866 earum
1111 1805 1175 1869 lec·

133 1908 255 1971 tionem
276 1901 488 1996 rejiciendam
507 1902 666 1966 duxerim.
689 1905 768 1989 Legi
786 1920 944 1990 praeterea
957 1918 1032 1969 ‘non
1051 1930 1175 1994 paucos

133 2016 327 2078 Criticorum
346 2011 561 2075 illustriorum
577 2009 692 2086 libros,
711 2032 853 2096 quorum
866 2009 1085 2076 videndorum
1099 2032 1176 2080 ante

134 2115 191 2182 hos
204 2118 314 2181 XXIV
328 2137 432 2179 annos
447 2117 480 2178 in
497 2110 686 2177 adornanda
702 2110 830 2177 Phaedri
845 2112 998 2181 Editione
1012 2118 1093 2183 mihi
1108 2144 1176 2186 non

135 2220 205 2286 data
219 2221 329 2285 fuerat
339 2234 499 2308 potestas;
516 2218 581 2306 legi
598 2219 696 2281 etiam
711 2219 857 2281 virorum
872 2219 1045 2286 doctorum
1059 2224 1166 2290 Obser

136 2332 295 2409 vationes,
307 2345 383 2416 post
394 2327 465 2390 haec
477 2343 625 2413 tempora
638 2327 771 2413 scriptas
783 2329 840 2412 (2),
857 2344 889 2393 et
902 2330 1059 2420 quicquid
1073 2335 1178 2400 textui

137 2433 263 2499 Phaedri
279 2433 334 2498 vel
350 2428 572 2509 emendando,
594 2431 647 2494 vel
663 2430 857 2495 illustrando
876 2435 1032 2499 inservire
1051 2454 1177 2524 posset,

137 2539 292 2626 excerpsi.
309 2539 384 2601 Jam
402 2559 480 2600 vero
499 2535 673 2599 Lectiones
692 2536 803 2599 Varias
820 2559 896 2600 cum
912 2538 1072 2603 Codicum
1088 2543 1178 2609 MSS.

137 2663 353 2732 veterumque
369 2642 576 2722 Editionum,
593 2659 665 2706 tum
681 2643 884 2732 conjecturas
903 2646 1047 2711 virorum
1065 2646 1181 2713 doctis·

138 2757 294 2820 simorum
305 2753 510 2831 enumeravi,
525 2774 593 2815 non
607 2753 719 2839 paucis
734 2767 843 2816 tamen
856 2755 998 2833 omissis,
1019 2778 1100 2844 quas
1114 2778 1182 2820 me-

138 2879 262 2923 morare
275 2874 309 2921 et
320 2857 471 2921 refellere
485 2879 553 2919 non
568 2871 636 2919 erat
647 2855 739 2918 tanti.
752 2855 954 2942 singularem
968 2876 1078 2922 entem
1093 2861 1127 2923 in
1140 2882 1180 2927 eo

138 2966 295 3031 collocavi
309 2987 458 3052 operam,
474 2980 511 3026 ut
522 2964 548 3027 si
558 2963 629 3028 fieri
640 2979 766 3050 posset,
778 2965 826 3025 rei
838 2965 959 3026 criticae
968 2982 1114 3028 amantes
1126 2988 1182 3030 no·

139 3073 240 3137 titiam
260 3072 458 3135 Lectionum
478 3066 583 3133 Codd.
606 3067 696 3131 MSS.
717 3065 876 3129 haberent
897 3084 1038 3132 certam:
1061 3093 1126 3158 qua
1147 3073 1181 3135 in

139 3199 249 3241 caussa
269 3192 390 3263 praeter
409 3175 510 3237 Notas
534 3172 675 3249 Heinsii,
699 3168 813 3249 Gudii,
837 3168 1011 3250 Schefferi,
1036 3173 1180 3262 Rigaltii,

140 3283 332 3360 Burmanni,
344 3304 412 3345 non
424 3302 541 3368 parum
552 3277 633 3341 mihi
643 3279 840 3365 profuerunt
852 3275 1021 3343 Editiones
1033 3283 1183 3348 Brotierii

141 3405 172 3452 et
185 3386 395 3463 Desbillonii‚
410 3405 552 3472 quorum
564 3380 646 3445 alter
656 3380 812 3446 Codicem
822 3379 940 3446 Pithoei
952 3406 1060 3471 nuper
1071 3385 1182 3454 denuo

139 3494 277 3560 contulit
291 3492 349 3577 (3),
369 3492 451 3556 alter
466 3511 535 3553 non
553 3512 618 3551 una
633 3488 835 3553 Collectione
852 3490 1021 3554 Variarum
1041 3494 1181 3560 eCodd.

141 3600 227 3666 MSS.
241 3598 439 3664 Lectionum
450 3616 529 3661 usus
542 3610 591 3659 est
603 3596 657 3679 (4).
672 3595 772 3657 Notas
785 3595 912 3658 criticas
926 3593 1091 3662 breviores
1106 3623 1183 3663 are-

175 3844 214 3917 (r)
223 3845 276 3897 Ubi
285 3838 346 3896 vide
357 3855 448 3908 notas,
460 3840 519 3893 coll.
527 3843 559 3891 V.
571 3839 600 3891 L.
612 3838 688 3890 Adde
697 3839 759 3890 Exn.
772 3839 822 3905 XI,
834 3837 868 3890 ad
878 3840 906 3890 L.
920 3841 944 3907 1,
955 3839 983 3892 F.
995 3840 1078 3908 XXV,
1089 3842 1120 3909 6,
1133 3860 1158 3912 7.

175 3925 288 3997 (2)vide
300 3927 328 3976 in
339 3924 439 3974 Notitia
450 3923 585 3973 Litteraria
597 3920 754 3991 Scriptores,
764 3919 902 3970 Phaedrum
912 3919 1083 3987 illustrantes,
1092 3939 1183 3973 recen·

142 4023 282 4157 uollllid.
295 4085 365 4139 infra
378 4081 412 4133 de
423 4081 505 4134 Codd.
520 4081 592 4134 MSS.
608 4083 639 4131 n⁰
656 4077 754 4144 1,ooll.
768 4077 800 4129 de
811 4079 890 4130 Editt.
902 4076 1015 4147 Phaedri,
1029 4096 1088 4131 ann.
1105 4079 1182 4148 1783.

177 4166 281 4239 (4)th
294 4165 358 4218 Not.
368 4162 448 4229 litter.
461 4162 494 4217 de
505 4163 584 4216 Editt.
596 4160 710 4229 Phaetlri,
721 4178 780 4210 aun.
796 4159 871 4228 1786.

998 4259 1020 4295 r.
