2648 4822
209 420 246 483 18
549 413 666 476 VITA
688 413 906 477 PHAEDRI.

203 565 254 627 hic
269 564 412 625 observat
430 553 642 615 Desbillonius
664 555 721 632 (ι),
745 555 881 634 potuisse
901 553 1062 617 Tiberium
1082 579 1181 640 perro
1200 559 1259 620 illo

193 652 305 735 ,tigillo
317 645 402 730 quod
417 662 500 702 ranae
520 643 688 722 inquinant
702 642 790 701 omni
803 641 993 702 contumelia
1008 664 1074 703 non
1087 645 1191 727 inepte
1204 645 1258 706 de·

204 740 340 823 signari:
354 737 512 794 Romanos
527 732 611 789 enirn
626 752 661 790 ec
676 750 740 812 prae
760 732 865 791 ceteris
885 729 977 791 duces
995 735 1184 794 exercituum
1197 736 1258 795 mi·

203 831 348 908 litesque,
368 835 398 880 et
416 819 516 878 multo
537 819 630 878 etiam
649 820 748 899 magis
763 821 860 880 socias
879 832 983 900 gentes
998 819 1047 881 bis
1058 824 1259 903 potissimum

201 910 395 996 temporibus
412 906 568 987 aspernari
583 926 655 965 eum
670 907 812 988 coepisse3
825 907 910 988 quod
922 908 1045 989 imperii
1063 907 1186 969 clarum
1206 910 1260 970 de·

202 1023 300 1066 serere
318 998 482 1070 videretur,
504 1009 535 1054 et
553 997 683 1077 ignavus
702 997 882 1077 Caprearum
896 1009 1022 1079 anqusta
1035 1002 1068 1057 in
1085 1021 1157 1082 rupe
1175 1001 1257 1061 sede-

203 1105 246 1152 ret
263 1090 322 1167 (2),
346 1099 439 1166 atque
453 1083 612 1157 otiaretur,
633 1093 736 1142 tutore.
756 1081 877 1164 Sejano.
899 1085 987 1143 Tunc
1003 1087 1114 1162 etiam,
1129 1100 1258 1149 auctore

202 1179 306 1241 Tacito
329 1175 390 1254 (3),·
413 1170 593 1232 contumeliae
613 1174 646 1230 in
666 1192 732 1231 eum
753 1171 858 1246 dicim·
879 1186 907 1233 et
918 1171 1012 1255 fluxa
1033 1179 1113 1235 senio
1134 1191 1261 1240 mereret

201 1270 338 1329 continuo
349 1263 480 1323 abscessu
490 1259 568 1321 velut
576 1258 710 1320 exsilium
722 1261 884 1342 aliquanto
893 1276 965 1344 post
975 1284 992 1322 a
1004 1263 1138 1327 Fulcinio
1151 1269 1262 1328 Trione

201 1355 321 1440 objecta.
333 1354 406 1412 Non
417 1365 522 1410 tamen
537 1348 719 1409 crediderim
735 1348 921 1426 Pbaedrum,
934 1354 1047 1414 omissa
1059 1354 1258 1435 crudelitate,

202 1445 304 1505 solum
319 1441 477 1522 ignaviam
499 1454 591 1520 atque
610 1438 810 1498 inutilitatem
828 1438 944 1499 Tiberii
961 1439 1070 1501 fabula
1083 1458 1259 1506 memorata

201 1530 340 1593 deridere
364 1528 519 1601 voluisse,
548 1525 634 1607 quod
661 1526 774 1586 volunt
800 1528 1011 1590 Desbillonius
1040 1543 1070 1590 et
1093 1532 1257 1594 Tristanus

201 1623 338 1701 (Histoire
351 1617 400 1677 des
411 1635 589 1697 empereurs,
602 1615 672 1676 loco
684 1636 758 1699 mox
773 1616 919 1697 citando).
935 1618 1075 1679 Crudelis
1093 1621 1178 1680 euim
1193 1643 1258 1684 esse

201 1729 268 1768 non
285 1704 420 1766 destitit:
433 1723 500 1763 non
515 1704 609 1783 igitur
623 1702 721 1762 alium
740 1723 796 1784 per
809 1701 945 1786 hydrum
960 1708 1115 1767 notavisse
1132 1708 1259 1769 videtur

200 1810 307 1882 poeta,
322 1815 418 1877 quam
437 1790 555 1852 huncce
570 1793 790 1874 imperatorem
805 1792 856 1873 (4),
874 1795 935 1855 nisi
951 1797 1020 1878 quis
1036 1797 1127 1856 malit
1142 1797 1259 1858 intelli·

199 1906 270 1968 gere
282 1881 442 1963 Sejanurn,
464 1881 706 1939 instrumentum
725 1879 913 1940 crudelitatis
937 1902 1009 1942 suae.
1030 1884 1138 1964 Neque
1158 1883 1257 1966 objici

197 1987 300 2059 potest
312 1995 330 2032 a
342 1972 380 2031 cl.
392 1969 496 2032 Jacobs
507 1970 541 2028 in
554 1968 673 2030 erudita
689 1969 902 2030 dissertatione
916 1970 954 2030 de
967 1971 1199 2035 fabulatoribus
1212 1975 1260 2035 la-

199 2064 272 2122 tinis
290 2062 330 2138 (v.
344 2057 509 2139 Naclrtrciqe
524 2080 560 2118 zu
573 2057 689 2119 Sulzers
707 2056 844 2132 Theorie,
859 2070 935 2118 tom.
949 2059 1008 2134 Vl,
1018 2061 1053 2118 P.
1068 2061 1091 2135 l,
1106 2082 1178 2143 pag.
1194 2061 1259 2142 34.)

198 2148 336 2232 hydrum
351 2150 444 2206 istum
459 2146 496 2205 de
511 2147 653 2227 Caligula
665 2167 732 2206 non
743 2167 833 2227 posse
847 2146 995 2227 intelligi,
1010 2150 1083 2229 quin
1094 2148 1205 2210 fabula
1218 2151 1259 2211 de

199 2239 283 2299 ranis
305 2255 411 2317 graecae
434 2237 472 2294 sit
485 2235 623 2315 originis.
647 2235 725 2310 Quae
737 2234 821 2293 enirn
834 2237 858 2293 si
871 2255 943 2295 vera
957 2251 1073 2312 essent,
1084 2239 1137 2297 vix
1151 2239 1260 2301 liceret

199 2324 386 2384 contendere
402 2321 561 2380 'liberium
576 2343 594 2380 a
610 2320 743 2380 Phaedro
765 2342 820 2402 per
835 2319 971 2404 hydrum
990 2338 1136 2385 notatum
1150 2325 1257 2388 fuisse.

198 2411 257 2472 Sed
274 2412 342 2492 quis
361 2410 458 2490 possit
478 2406 621 2467 dubitare
642 2422 768 2490 poetam
785 2407 908 2468 fabulas
924 2411 964 2468 ab
979 2411 1092 2495 AEsopo
1112 2413 1259 2476 inventas

198 2515 228 2560 et
240 2521 258 2558 a
268 2521 298 2559 se
310 2498 448 2558 versibus
461 2498 588 2555 senariis
600 2497 728 2578 politas,
738 2498 830 2577 genio
841 2498 944 2558 saeculi
955 2499 1240 2564 accommodavisse
1251 2527 1260 2579 3

198 2585 403 2667 eumdemque
416 2584 473 2642 sub
495 2585 630 2664 antiquis
646 2585 706 2643 illis
721 2583 836 2643 fabulis
850 2605 897 2645 res
917 2607 972 2645 sua
990 2590 1142 2648 memoria
1156 2606 1260 2670 gestes

195 2675 331 2736 voluisse
352 2672 555 2744 adumbrare,
576 2692 675 2751 quum
695 2673 724 2730 ei
747 2692 834 2731 mens
855 2687 946 2748 esset,
966 2689 1003 2734 ut
1022 2676 1088 2758 ipse
1105 2688 1260 2755 testatur,

197 2762 281 2822 Prol.
295 2761 356 2835 lll,
374 2759 422 2833 50,
444 2761 575 2817 vitamet
590 2779 682 2817 mores
696 2756 846 2818 bantinum
859 2762 1013 2822 ostendere.

237 2849 352 2909 Praeter
366 2843 511 2925 Sejanum
529 2844 729 2925 subsequenti
742 2857 882 2928 tempore
898 2869 964 2909 non
981 2852 1074 2931 pauci
1089 2866 1181 2912 erant
1198 2876 1260 2938 po·

196 2949 294 2999 tentes
309 2939 363 3021 qui
381 2934 504 2995 Phaedri
523 2934 639 2995 fabulis
650 2957 681 2995 sc
693 2935 782 2995 laesos
795 2951 955 3018 putarent,
972 2940 1113 3023 iramque
1127 2964 1257 3005 evome·

195 3043 266 3086 rent
284 3029 316 3086 in
332 3039 489 3086 auctorem
508 3024 563 3103 (5),
584 3043 662 3106 quos
677 3023 727 3082 bic
744 3039 849 3085 tamen
868 3027 1033 3088 nominare
1051 3050 1119 3090 non
1141 3033 1238 3093 audet
1246 3057 1262 3110 3

198 3113 231 3172 id
243 3116 329 3195 quod
342 3113 516 3174 luculenter
531 3128 658 3195 apparet
671 3134 707 3173 ex
719 3114 800 3194 Epil.
810 3158 819 3188 ,
831 3114 886 3175 lib.
898 3115 957 3191 lll,
971 3137 1019 3199 29,
1032 3140 1077 3199 sq.
1087 3121 1127 3198 (6)
1143 3142 1150 3177 :

341 3267 390 3319 Sed
401 3267 543 3320 difficulter
553 3272 703 3322 continetur
712 3269 834 3340 spiritus,

340 3345 498 3412 Integritatis
509 3349 553 3417 qui
564 3349 669 3399 sincerae
680 3349 802 3400 conscius

340 3425 364 3474 A
373 3428 513 3476 noxiorum
522 3432 649 3497 premitur
658 3428 812 3483 insolentiis.

341 3505 395 3570 Qui
405 3508 457 3556 sint
466 3510 581 3577 requires
591 3530 596 3558 ε
608 3511 775 3581 apparebtmt
783 3525 910 3581 tempore.

341 3585 398 3654 Ego
409 3585 544 3656 quondam
552 3585 604 3657 legi
614 3607 693 3660 quam
703 3609 771 3661 puer
780 3592 949 3656 sententiam,

232 3780 353 3854 (1)Disp.
362 3778 395 3831 de
405 3779 579 3847 ritaPhaedri,
588 3801 649 3853 pag.
663 3802 698 3836 ιι.
744 3787 767 3836 ri
784 3804 833 3856 per
849 3783 970 3858 hydrum.
984 3789 1051 3842 Vide
1065 3791 1200 3848 Addeuda
1219 3800 1257 3850 ad

233 3862 272 3934 (2)
282 3855 416 3912 luvenalis
427 3860 480 3911 Sat.
492 3859 531 3924 X,
543 3879 566 3909 v.
579 3860 623 3928 93.
745 3864 813 3916 Edit.
824 3867 977 3938 Heusinger.
987 3889 1047 3922 arm.
1059 3877 1210 3942 1772,Not.
1218 3879 1256 3932 K.

232 3942 272 4016 (3)
282 3937 376 4015 Annal.
387 3938 432 3991 lib.
441 3941 551 4010 lV,cap.
563 3937 645 4006 42,et
653 3939 698 3993 lib.
747 3956 773 3995 et
784 3943 818 3995 ad
828 3946 857 3995 L.
870 3947 895 4010 l,
907 3947 934 3996 F.
948 3950 984 4013 11,
998 3949 1039 4015 ²4·

196 4025 244 4090 Vl,
257 4042 315 4094 cap.
329 4019 372 4073 38.
778 4020 817 4093 (5)
827 4022 972 4077 Desbillon.
983 4026 1000 4078 l.
1014 4046 1036 4080 c.
1049 4050 1111 4101 pag.
1124 4049 1168 4099 rx,
1180 4037 1256 4090 Prol.

233 4103 272 4175 (4)
282 4104 342 4155 Jam
353 4098 416 4155 olim
426 4101 604 4172 Heusingerus
618 4098 698 4166 vidit,
743 4104 791 4167 111,
803 4102 865 4169 45...
877 4103 925 4174 47,
937 4106 996 4159 coll.
1007 4109 1074 4180 Epil.
1085 4116 1133 4178 lll,
1145 4133 1180 4185 29
1194 4137 1260 4193 sqq,

198 4183 396 4237 Tiberiumuou
404 4177 700 4255 Calenamuignitica·
778 4178 818 4253 (6)
828 4181 899 4237 Alias
911 4182 956 4237 lib.
969 4188 1014 4254 IV,
1025 4188 1108 4257 XXV,
1121 4210 1156 4264 ²⁹
1167 4213 1235 4277 sqq.
