2648 4822
141 390 162 467 4
534 382 783 448 rnrrrl'mo

136 524 234 614 liquis
251 546 412 612 separatas
431 523 533 586 textui
550 521 718 611 subjunxi,
735 519 871 584 historia
884 519 1033 583 locorum
1049 508 1189 589 vexatis·

138 631 296 694 simorum
311 626 436 704 critica,
450 648 491 688 ne
506 625 609 689 moles
623 642 776 688 notarum
791 625 977 687 criticarum
991 625 1087 689 nimis
1100 649 1188 691 cres-

138 751 240 810 ceret,
258 733 291 795 in
306 731 463 793 decursas
479 729 636 819 conjecta.
655 730 729 792 Non
746 750 819 791 raro
838 725 951 791 addidi
968 730 1126 809 rationes,
1145 754 1185 797 ex

138 837 258 925 quibus
281 836 453 898 Lectiones
473 832 526 897 vel
546 830 787 909 defendendas,
808 831 860 895 vel
880 829 1074 919 rejiciendas
1092 850 1187 919 puta-

136 963 222 1019 rem,
241 940 440 1026 optimorum
458 938 654 1001 Criticorum
673 957 774 1024 opera
787 957 881 1014 usus,
899 957 1041 1023 quorum
1060 938 1186 1001 unicui·

138 1067 204 1132 que
224 1049 253 1101 τὸ
270 1065 366 1106 suum
381 1040 519 1107 reddere
535 1037 661 1117 studui,
681 1062 750 1103 non
762 1040 873 1126 paucis
888 1037 1023 1128 adjectis
1037 1037 1079 1103 de
1093 1048 1181 1106 meo.

137 1151 226 1214 Nulli
235 1166 346 1214 autem
354 1166 477 1215 temere
491 1147 666 1211 obsecutus
677 1169 764 1227 sum,
778 1145 1031 1235 necquidquam
1042 1148 1077 1211 in
1089 1164 1183 1214 textu

136 1258 314 1321 Burmanni
328 1259 451 1321 mutavi
466 1258 536 1320 sine
550 1254 731 1319 rationibus
744 1254 887 1333 idoneis,
901 1254 949 1317 nil
961 1257 1031 1319 sine
1042 1261 1186 1322 auctori·

55 1410 59 1417 -
136 1381 202 1428 tate
222 1364 382 1429 librorum
400 1366 610 1451 scriptorum,
630 1363 677 1426 nil
695 1361 872 1450 deniquee
892 1363 1095 1452 conjectura,
1118 1367 1182 1430 nisi

136 1471 194 1535 ubi
212 1471 316 1537 Codd.
335 1471 424 1536 MSS,
442 1472 540 1560 plane
562 1488 670 1535 essent
693 1471 839 1556 corrupti
859 1452 958 1557 atque
981 1471 1182 1558 interpolati.

136 1575 413 1641 Innumerabilem
426 1598 463 1639 ac
478 1597 571 1663 paene
586 1572 813 1639 incredibilem
824 1574 1087 1663 conjecturarum
1098 1577 1188 1639 mul-v

136 1681 312 1745 titudinem
324 1683 417 1746 novis
431 1702 551 1765 augere
565 1702 633 1742 non
647 1701 745 1742 ausus
760 1700 848 1757 sum,
865 1678 925 1742 etsi
938 1677 992 1741 vel
1004 1676 1115 1743 hocin
1128 1672 1186 1767 gess

135 1812 214 1855 nere
229 1791 459 1878 qualecunque
475 1787 659 1876 periculum
676 1786 783 1850 facere
797 1803 960 1872 poteram,
981 1787 1007 1849 si
1025 1768 1183 1877 quormn·

136 1894 211 1959 dam
220 1897 417 1960 Criticorum
426 1891 596 1957 audaciam
606 1891 725 1954 imitari
735 1890 893 1954 libuisset.
905 1891 987 1952 Nam
996 1906 1093 1976 puto,
1104 1907 1182 1979 post

136 2019 185 2068 tot
198 2005 342 2067 virorum
355 2000 529 2067 doctorum
540 2022 653 2078 ausus,
666 1999 700 2061 in
711 2013 800 2061 tanta
811 1995 970 2059 librorum
983 1998 1181 2083 scriptorum

135 2111 261 2196 inopia,
274 2107 374 2173 hodie
386 2108 632 2172 innovationem
642 2127 775 2170 omnem
787 2105 821 2166 in
833 2119 925 2166 textu
936 2094 1065 2167 Pbaedri
1076 2127 1094 2168 e
1106 2126 1182 2195 con·¹

131 2215 274 2304 jectum,
288 2214 427 2301 periculi
439 2230 472 2276 ct
484 2211 696 2275 dubitationis
708 2209 830 2273 habere
842 2208 1037 2296 plurimum,
1049 2210 1112 2273 nisi
1124 2209 1181 2275 lux

135 2320 293 2383 afferatur
308 2318 505 2408 conjecturis
521 2339 539 2379 e
553 2314 730 2380 Codicibus
745 2314 834 2378 Mss,
851 2336 870 2376 a
889 2314 966 2377 viris
981 2312 1085 2378 doctis
1100 2338 1184 2381 non-

135 2424 216 2488 dum
231 2425 369 2504 collatio,
385 2423 444 2489 sed
458 2422 636 2512 aliquando
646 2424 680 2486 in
690 2421 799 2485 lucem
808 2419 1030 2508 proferendis3
1041 2421 1075 2486 id
1088 2422 1182 2511 quod

135 2555 223 2596 nunc
238 2555 367 2620 sperare
382 2534 436 2598 vix
449 2533 564 2595 ausim.
579 2527 676 2613 Quod
692 2530 856 2618 reliquum
870 2545 932 2607 est,
946 2529 1090 2593 fabulam
1101 2530 1182 2596 alias

135 2640 235 2718 XXV,
250 2640 341 2704 Libri
356 2643 414 2718 lv,
428 2661 504 2702 cum
514 2639 672 2703 Brotierio
683 2655 716 2702 et
728 2637 909 2725 Bipoutinis
920 2638 1095 2725 Epilogum
1109 2639 1190 2727 fieri

131 2747 214 2837 jussi
228 2746 302 2811 libri
317 2748 380 2825 ΙΙΙ,
397 2746 449 2836 cuj
454 2768 490 2838 us
503 2745 642 2832 Prologo
655 2744 696 2809 ad
712 2742 899 2833 Eutychum
912 2746 1036 2831 optime
1047 2768 1188 2833 respon--

134 2854 204 2936 det,
215 2856 413 2943 pariterque,
426 2876 468 2917 ne
478 2853 569 2917 Libri
580 2857 608 2917 V
621 2854 778 2940 Prologus
790 2869 875 2917 esset
887 2851 1019 2940 duplex,
1032 2853 1122 2918 Libri
1135 2857 1183 2919 lV

133 2960 259 3040 nullus,
270 2961 357 3025 illius
367 2960 541 3047 prologum
550 2963 694 3047 priorem
704 2959 782 3023 huic
792 2956 922 3023 reddidi
932 2982 1095 3049 suumque
1105 2958 1185 3049 Epi-

133 3064 261 3153 logum,
277 3067 335 3154 qui
349 3063 439 3128 Libri
454 3065 494 3141 V,
507 3062 586 3126 Feb.
598 3066 627 3125 V
640 3079 672 3126 et
684 3056 865 3148 Vl,'vulgo
878 3063 1089 3150 interpositus
1103 3064 1184 3152 legi·

136 3187 199 3234 tur.
212 3172 264 3236 Sic
276 3170 413 3260 quidem
423 3172 460 3235 L.
472 3172 517 3233 lV
530 3185 638 3234 totum
647 3169 857 3246 Particuloni,
869 3168 1182 3238 LibrumVPhileto

136 3297 263 3339 sacrum
276 3299 345 3340 esse
360 3276 518 3359 volui(1).
537 3273 601 3339 Sed
620 3272 729 3336 fabula
744 3272 822 3336 alias
836 3274 910 3352 XX,
926 3273 1017 3338 Libri
1030 3277 1092 3354 lll,
1111 3299 1182 3343 non

136 3381 206 3444 sine
220 3381 345 3443 ratione
360 3380 445 3442 lacta
459 3394 507 3440 est
522 3376 612 3440 Libri
627 3379 683 3456 IV,
696 3377 811 3464 prima.

177 3486 297 3551 Textui
315 3483 444 3548 Phaedri
466 3483 590 3573 subjeci
611 3486 890 3548 Commentarium
908 3500 1117 3571 perpetuum.
1140 3487 1179 3551 In

135 3586 334 3678 explicandis
349 3604 460 3651 autem
471 3585 590 3649 fabulis
603 3585 777 3671 diligenter
788 3586 1016 3673 comparandae
1025 3588 1189 3656 videbam

134 3714 189 3762 tur
198 3697 319 3761 Graecae
327 3693 453 3780 AEsopi,
463 3691 645 3779 Aphthonii
654 3709 754 3780 atque
765 3693 881 3779 Ignatii
892 3695 1028 3759 Diaconi
1040 3695 1179 3778 fabellae,

135 3805 259 3871 collatis
277 3801 440 3891 Anonymi
457 3800 591 3863 Nilantii
607 3816 640 3863 et
656 3798 787 3887 Romuli
805 3799 933 3865 fabulis
951 3803 1024 3883 Qua
1043 3801 1180 3891 quidem

134 3908 378 3995 comparatione
396 3902 535 3968 Phaedro
551 3926 620 3968 non
638 3925 711 3967 raro
725 3903 834 3968 lucem
848 3926 919 3969 esse
937 3904 1093 3987 oblatam,
1109 3931 1179 3973 non

135 4010 366 4104 diffitebuntur
385 4029 538 4074 curarum
558 4023 743 4071 nostrarum
764 4005 877 4095 cupidi
896 4008 1045 4075 lectores.
1070 4013 1179 4100 Atque

170 4158 258 4232 (1)Cf.
271 4159 471 4230 Bipontinorum
481 4154 543 4209 Not.
556 4153 633 4208 litter.
646 4152 680 4207 de
692 4151 815 4221 Pbaedro,
826 4174 854 4227 p.
867 4124 950 4209 xxxin
961 4174 1000 4228 sq.
