2648 4822
229 427 304 517 xviij
444 425 743 491 rxrcrclrro
765 423 955 503 sauvis,
980 445 1060 490 arc.

228 568 318 628 vellet
329 569 367 629 de
378 569 546 630 caelestihus
557 569 648 629 donis
660 567 700 626 ad
714 588 804 627 suum
821 587 899 649 opus
913 564 1126 648 adjuvandum
1141 568 1281 648 inquire-

229 671 283 717 ret.
296 660 363 741 lpse
374 657 454 719 nihil
465 679 496 718 se
506 660 581 718 scire
592 659 649 732 ait,
663 677 732 737 quae
746 657 833 716 bona
846 658 880 715 in
895 656 1064 717 caelestibus
1074 657 1280 731 haberentur,

230 749 282 808 sed
299 752 325 809 si
338 749 407 810 fieri
420 761 535 832 posset,
555 769 586 808 se
598 747 746 830 usquead
760 767 886 829 superos
900 746 1043 823 elevaret,
1063 760 1157 828 atque
1169 747 1280 807 exinde

229 839 254 896 si
269 838 344 919 quid
358 836 496 919 figulinae
509 857 684 918 congruum
695 849 832 896 cerneret
845 835 956 896 melius
968 836 1062 912 inire,
1078 836 1112 895 id
1125 848 1170 896 est
1184 857 1280 939 prop·

118 983 123 988 .
229 938 277 987 ter
288 939 404 1010 septem
415 927 553 988 liberales
565 938 659 1002 artes,
672 924 718 985 vel
735 939 859 1008 propter
870 939 985 1028 septem
1000 925 1153 1008 planetas,
1165 946 1235 1007 quae
1246 925 1281 984 in

230 1037 298 1076 aere
308 1027 453 1092 currunt,
466 1016 606 1078 oculatus
617 1015 733 1076 arbiter
741 1015 968 1098 praesumsrsset
981 1015 1058 1075 Illa
1050 1028 1131 1074 mter
1140 1035 1209 1075 oras
1218 1035 1282 1096 sep-

230 1103 380 1188 templicis
392 1105 492 1188 clypei
503 1090 661 1166 sublatum
672 1104 746 1164 caelo
760 1102 902 1186 opificem
914 1103 1031 1164 detulit.
1044 1084 1190 1186 Dumque
1198 1102 1282 1162 vide·

229 1207 276 1253 ret
284 1215 390 1254 omma
399 1194 527 1256 caelestra
537 1194 702 1253 flammatis
712 1195 998 1274 ammatavegetare
1006 1191 1188 1274 vaporibus,
1200 1189 1281 1250 clam

228 1281 360 1342 ferulam
377 1281 555 1343 Phoeheacis
571 1281 729 1364 applicans
743 1281 831 1354 rotis,
850 1281 955 1361 ignem
971 1279 1092 1340 furatus
1107 1291 1166 1355 est,
1187 1298 1282 1358 quem

230 1371 404 1451 pectusculo
424 1369 559 1431 hominis
580 1369 739 1453 applicans
760 1368 935 1429 animatum
956 1368 1056 1429 reddit
1075 1388 1221 1450 corpus„
1243 1367 1281 1426 ln

231 1479 292 1538 quo
303 1472 488 1540 argumento
505 1461 620 1519 mirum
632 1480 728 1539 quam
738 1457 853 1534 multa,
868 1479 963 1538 quarn
976 1459 1062 1517 varia
1074 1469 1204 1517 narrent
1214 1457 1283 1539 My-

231 1547 366 1630 thologi;
383 1571 453 1630 quae
468 1548 590 1630 singula
606 1551 729 1629 exsequi
741 1545 834 1628 hujus
848 1547 909 1607 loci
921 1569 988 1609 non
1000 1559 1054 1608 est.

613 1705 786 1791 Tenum
807 1731 902 1790 vr11.

274 1897 324 1956 Ad
330 1919 399 1979 pap.
411 1897 483 1973 264,
499 1884 580 1958 Tum.
591 1899 633 1970 ΙΙ,
643 1899 792 1956 ePicturis
802 1894 1014 1955 Herculaneus.
1023 1897 1057 1955 T.
1068 1894 1197 1969 1v‚tah.
1208 1915 1285 1974 xus,

233 2008 264 2069 p.
283 2010 350 2049 aor.
364 1990 528 2068 Expressus
539 1999 584 2047 est
596 1987 756 2061 Auloedus‚
771 1986 848 2045 duas
859 1984 973 2045 inflans
985 1986 1090 2058 tibias3
1105 1984 1223 2067 dequo
1237 1986 1285 2049 fu-

234 2081 296 2138 sius
314 2079 504 2159 disputatum
521 2078 613 2137 estin
631 2079 702 2136 Exc.
721 2077 820 2152 XXX,
840 2075 879 2134 ad
900 2075 955 2134 lib.
973 2077 1011 2150 V,
1027 2073 1090 2134 fab.
1107 2074 1181 2150 Vll,
1200 2079 1234 2152 8,
1255 2098 1285 2156 9.

217 2169 320 2228 ·ldem
336 2181 555 2246 argumentum
571 2181 600 2226 et
616 2167 691 2226 alibi
707 2166 842 2225 obvium.
863 2164 932 2225 Vid.
949 2167 1060 2224 Pitturc
1077 2161 1106 2220 ‹i’
1119 2161 1288 2245 Ercolam„

234 2259 268 2317 T.
282 2258 334 2333 IV,
348 2255 412 2316 tab.
425 2277 530 2332 xxxiv,
542 2278 573 2339 p.
591 2256 660 2330 163,
672 2269 703 2316 et
714 2276 789 2336 quos
801 2255 926 2315 laudavi
936 2255 971 2313 in
984 2252 1071 2314 Notis
1082 2250 1122 2312 ad
1134 2250 1167 2311 h.
1181 2250 1203 2321 l.
