2648 4822
405 367 407 371 ¹
440 365 559 429 vim
579 364 799 429 ruenni.
1104 395 1144 462 27

91 504 140 554 est
155 491 328 566 alitteris,
345 501 375 549 et
387 487 630 549 immortalitatis
640 487 827 549 desiderium
840 511 904 571 quo
919 492 1145 556 inflammatum

89 581 189 642 fuisse
200 594 341 663 poetam,
359 576 446 638 haud
457 597 538 637 unus
555 589 683 636 testamr
697 576 878 639 fabularum
894 579 989 643 locus.
1007 584 1146 665 Namque

91 670 193 746 Proh,
206 669 263 729 lib.
276 669 336 742 111,
348 668 405 742 60,
420 666 475 739 613

236 806 319 874 Ergo,
330 803 429 876 inquit,
440 800 503 852 hinc
513 801 618 866 abesto,
628 799 708 867 livor,
718 821 751 853 ne
761 802 857 856 frustra
867 823 970 875 gemas,

236 884 370 949 Quoniam
379 880 443 933 mihi
453 880 587 933 sollemnis
596 879 707 933 debetur
716 879 807 949 gloria.

91 1006 142 1066 sic
152 1006 236 1088 npu.
249 1007 301 1080 Ν,
315 1006 343 1081 5,
356 1006 385 1078 63

239 1130 387 1197 Particulo,
397 1129 495 1182 chartis
504 1148 602 1181 nomen
610 1131 741 1181 netum
751 1132 827 1196 meis,

237 1211 336 1264 Latinis
345 1211 410 1263 dum
419 1208 535 1262 manebit
544 1212 658 1281 pretium
666 1208 766 1261 litteris.

94 1332 173 1409 Quae
188 1331 301 1392 docent
314 1346 380 1392 tam
393 1332 538 1415 praeclare
550 1331 587 1391 de
606 1353 637 1392 se
650 1333 776 1391 sensisse
790 1329 972 1406 Phaedrum,
987 1346 1021 1391 ut
1037 1348 1067 1392 et
1080 1334 1148 1394 aliis

94 1422 215 1482 famam
235 1423 374 1482 nominis
396 1437 426 1482 et
446 1422 713 1482 immortalitatem
734 1421 807 1481 dare
832 1441 922 1503 posse
945 1423 1063 1503 scriptis
1087 1425 1148 1482 suis

95 1511 232 1571 crederet
245 1512 301 1592 (1);
321 1525 356 1572 ut
373 1517 516 1573 omittam
532 1512 617 1586 loca,
631 1516 699 1592 quaa
712 1527 854 1571 nostrum
868 1509 1029 1592 praedicari
1047 1512 1085 1571 de
1100 1533 1148 1589 se,

93 1614 126 1660 et
137 1601 296 1661 nominari
311 1623 330 1660 a
340 1604 516 1685 posteritate
531 1602 681 1676 voluisse,
696 1600 860 1661 manifesto
872 1601 1030 1682 probant(
1049 1604 1068 1681 ).

132 1765 172 1838 (1)
198 1769 257 1820 Hoc
286 1771 394 1821 nomine
420 1772 603 1840 perstringitur
648 1767 783 1820 indoctam
802 1767 979 1817 narrationem
998 1764 1030 1816 de
1049 1767 1151 1820 Canum

95 1847 195 1898 Noster
211 1846 244 1898 ab
258 1847 375 1900 Adriano
392 1848 506 1915 Baittet,
521 1850 604 1923 Jupe-
648 1848 740 1918 legatis
760 1845 794 1897 ad
808 1847 914 1911 dorem,
931 1843 971 1895 vel
990 1845 1151 1915 impudicam

94 1937 182 1979 ments
190 1928 232 1979 des
240 1929 364 1995 Savantr,
375 1942 438 1981 tom.
450 1932 492 1996 lv,
503 1949 529 1999 p.
545 1928 602 1996 148.
650 1930 852 1991 obscenitatem,
864 1929 939 1996 cujus
950 1928 1057 1996 vestigia
1068 1929 1096 1977 in
1110 1928 1151 1979 fa-

96 2007 149 2060 Sed
160 2008 220 2060 vide
232 2009 266 2060 ad
279 2008 346 2079 Epil.
360 2012 404 2075 1v‚·
419 2009 449 2074 5,
461 2009 491 2075 6,
503 2022 530 2061 et
539 2011 602 2060 Fue.
648 2008 724 2061 bellis
734 2011 790 2078 ejus
800 2019 952 2076 supersunt,
963 2010 1081 2057 excusari
1089 2027 1152 2078 pos-

96 2087 200 2153 XVIII,
221 2087 256 2139 ad
275 2087 342 2159 Epil.
363 2087 557 2140 Desbillonium
577 2090 605 2139 in
649 2106 677 2140 se
697 2087 787 2138 credit.
804 2085 856 2137 Sed
871 2085 1060 2158 indulgendum
1072 2091 1151 2158 genio

96 2169 174 2239 Disp.
187 2170 211 2234 1,
224 2168 257 2220 de
266 2171 327 2221 Vita
338 2168 439 2220 Phaedri
450 2188 476 2239 p.
490 2172 605 2240 x1v‚qui
650 2167 749 2235 saeculi,
760 2181 790 2220 ut
798 2166 863 2218 mihi
872 2167 978 2239 quidem
987 2168 1095 2223 ridetur.

96 2266 154 2299 non
168 2248 204 2299 ita
218 2247 331 2319 benigne
345 2266 469 2319 spurcam
482 2265 556 2320 aeque
573 2266 604 2300 ac
685 2247 723 2323 (a)
731 2247 798 2301 Vide
807 2265 830 2303 e·
842 2265 865 2298 c.
875 2247 943 2299 Prol.
954 2249 1001 2315 111,
1011 2247 1054 2301 32.
