2648 4822
158 383 179 422 ¹
542 376 572 439 J.
597 377 630 439 B.
656 368 822 439 GAILII

158 503 1206 615 sibitotlucubrationihusdiligentcrscriptisomneslittera-

158 644 239 693 rum
255 652 409 701 amantes
426 651 603 730 tantopere
619 631 779 703 devinxit.
797 635 962 704 Nostrum
975 655 1024 705 est
1038 660 1132 705 nunc
1149 635 1206 704 di-

158 745 1207 847 cere,quihusadditamentiseditionemviripraestantissimi
1270 820 1272 822 ,

157 878 284 952 augere
295 860 563 963 plenioremque
579 863 721 935 reddere
731 863 841 934 simus
854 866 982 952 conati,
1000 866 1055 937 vel
1066 864 1207 962 proprio

115 1062 116 1067 ἵ
156 991 269 1042 marte
291 975 452 1069 quaedam
474 979 602 1050 omissa
627 979 818 1077 explentes,
842 978 896 1048 vel
915 980 1064 1049 mutuati
1086 1007 1106 1050 a
1128 978 1207 1049 viris

157 1085 233 1179 qui,
260 1109 353 1173 aetate
375 1087 546 1188 qualibet,
571 1092 716 1165 Phaedro
740 1122 840 1166 curas
864 1096 913 1189 (ι)
936 1094 1206 1193 impenderunt:

96 1230 98 1240 ·
154 1219 247 1270 mter
261 1229 348 1297 quos
360 1208 550 1303 praesertim
567 1228 662 1305 grato
679 1209 844 1293 memoris
857 1206 967 1279 animi
980 1235 1082 1279 sensu
1098 1209 1208 1279 nomi-

155 1313 291 1386 nandus
318 1321 373 1390 Fr.
400 1323 432 1391 J.
461 1320 714 1411 Deshillonius,
748 1348 788 1393 ex
813 1322 941 1418 inclyta
966 1321 1026 1393 illa
1049 1323 1208 1394 societate

156 1424 260 1520 JESU,
280 1432 374 1505 uude
391 1456 440 1507 tot
456 1435 614 1534 prodiere
629 1436 749 1534 magni
767 1435 921 1505 nominis
938 1435 1063 1526 critici,
1078 1435 1209 1507 littera-

155 1560 244 1614 tores
266 1547 481 1644 peritissimi,
507 1567 680 1621 emunctae
700 1548 878 1621 latinitatis
896 1570 1066 1640 auctores,
1090 1551 1209 1621 homi-

69 1751 70 1755 ,
153 1681 216 1728 nes
240 1658 390 1759 denique
412 1663 448 1733 in
468 1662 643 1763 theologia
666 1663 803 1761 magni,
829 1663 865 1733 in
885 1662 1106 1762 philosophia
1124 1691 1209 1762 pro-

155 1770 242 1865 bati,
259 1775 296 1845 in
311 1776 511 1876 eloquentia
525 1805 620 1849 sacra
635 1776 767 1848 summi
785 1777 955 1849 antistites
970 1778 984 1872 l
1007 1779 1032 1872 ).

202 1890 437 1966 Deshillonius
448 1914 567 1965 autem
577 1891 800 1991 disciplinam
810 1890 1047 1989 illam,quam
1053 1889 1209 1990 jurame-

156 2005 293 2103 ritoque
310 2035 442 2089 sacram
459 2009 629 2098 dicimus,
641 2009 843 2078 ¹universam
861 2033 901 2077 ex
921 2005 1074 2105 antiquis
1093 2006 1209 2077 novis-

70 2120 77 2178 Ῐ
156 2148 224 2220 que
250 2124 406 2195 lontibus
429 2146 647 2225 perceperat,
675 2123 713 2194 in
742 2122 861 2194 latinis
889 2121 1008 2194 litteris
1034 2142 1136 2221 poeta
1159 2122 1209 2218 (3)

78 2271 81 2280 ¹
152 2236 386 2330 felicissimus,
414 2241 617 2336 urbanaque
642 2238 850 2337 expolitione
874 2237 1009 2326 cultus;
1033 2239 1086 2308 vir
1109 2238 1208 2309 omni

138 2350 258 2424 *laude
277 2353 405 2454 major,
425 2355 518 2425 utin
540 2352 725 2425 scribendo
744 2351 948 2449 ingeniosus
970 2372 1004 2422 et
1024 2378 1139 2449 sagax,
1162 2352 1209 2422 ita

154 2467 193 2558 in
208 2469 343 2567 agendo
358 2470 521 2570 simplex,
538 2470 654 2541 nativa
667 2468 875 2568 spectandus
890 2493 1030 2539 morum
1045 2467 1210 2566 ingenui-

153 2604 239 2674 tate,
250 2587 441 2658 Fontanius
451 2587 551 2659 alter:
567 2612 674 2684 quem
681 2584 848 2686 juventus
858 2582 1028 2674 studiosa,
1040 2609 1148 2682 quem
1158 2583 1211 2653 vir

152 2699 315 2800 princeps
335 2702 455 2801 magni
473 2701 629 2773 nominis
644 2699 710 2796 (lt),
735 2723 846 2798 quem
860 2717 983 2770 exterae
998 2717 1117 2796 gentes
1129 2724 1209 2796 quae

107 2861 108 2864 =
154 2842 240 2889 eum
260 2843 278 2886 e
298 2837 414 2890 nostra
433 2817 549 2889 Gallia
563 2816 754 2915 profugum
771 2831 995 2913 exceperunt,
1011 2837 1119 2909 quem
1132 2811 1209 2883 illu-

131 3021 132 3028 ,
156 2931 235 3002 stris
244 2931 386 3004 societas
396 2951 430 3003 et
439 2930 554 3002 Gallia
564 2957 651 3029 quas
661 2929 815 3026 insignes
824 2927 953 3027 pariter
962 2952 1024 3018 suo
1036 2926 1212 2998 exornavit

156 3047 314 3137 nomine,
325 3073 432 3145 quem
444 3050 565 3119 omnes
575 3045 724 3117 demum
733 3043 861 3114 vellent
871 3039 1064 3111 redivivum
1076 3039 1213 3137 (5)Re

194 3319 233 3391 (ι)
250 3322 285 3372 Ut
303 3321 364 3373 clar.
386 3325 526 3377 Brotierius
540 3337 645 3390 nostor,
665 3322 697 3375 de
718 3340 771 3394 quo
787 3337 855 3392 saepe
867 3320 965 3372 mentio
977 3321 1004 3369 in
1020 3317 1116 3368 nostris
1129 3314 1213 3366 adno-

83 3391 89 3405 ’
156 3402 310 3455 rationibus.

194 3481 233 3552 (2)
247 3483 331 3534 Testis
346 3483 414 3534 inter
430 3482 526 3534 multos
543 3485 732 3549 ffiunuauoun,
750 3486 777 3533 in
793 3502 860 3553 quo,
877 3480 917 3531 vel
933 3495 1001 3542 uno,
1021 3486 1103 3526 exstat
1117 3472 1213 3544 inclyta

158 3574 184 3614 et
197 3560 295 3633 logices
308 3575 333 3612 et
347 3560 501 3634 eloquentiae
515 3559 621 3628 schola,
634 3578 771 3636 nunquam
782 3557 985 3610 intermoritura.

191 3641 230 3715 (3)
242 3641 323 3715 Apris
332 3645 406 3695 avoir
413 3643 530 3715 professe
536 3661 598 3693 avec
608 3641 757 3694 distinction
768 3641 832 3691 dans
839 3634 967 3710 plusieurs
976 3630 1050 3684 villes
1060 3633 1090 3683 de
1099 3633 1211 3701 Franco,

156 3722 179 3775 il
187 3721 318 3774 demanda
330 3732 356 3773 et
366 3723 450 3773 obtint
461 3719 488 3772 la
498 3720 652 3792 pemission
663 3719 694 3770 de
706 3717 856 3770 renoncerh
870 3713 1096 3784 l'enseiqnement,
1107 3729 1175 3782 pour
1187 3731 1212 3763 se

157 3804 236 3857 liures·
245 3819 307 3856 avec
316 3802 378 3875 plus
389 3803 421 3854 de
434 3795 498 3855 suite
512 3804 529 3852 ὰ
540 3820 587 3853 son
601 3800 684 3852 taient
695 3817 763 3870 pour
772 3797 799 3849 la
810 3794 902 3867 poesie.
919 3791 1021 3862 (Biogr.
1033 3789 1186 3863 Michaud.)

191 3881 230 3956 (4)
243 3881 384 3935 Εέὶοεεειιν
398 3885 428 3935 de
444 3881 553 3934 Bauiere
567 3881 606 3933 lui
620 3881 693 3932 avait
708 3879 819 3951 offerti
832 3873 971 3927 Manheim
983 3890 1034 3923 une
1049 3871 1152 3922 retroire
1165 3872 1212 3922 lto-

155 3961 269 4015 norable.
285 3960 388 4034 (Biogr.
400 3962 480 4014 Mich.
495 3961 598 4014 advoc.
613 3957 789 4028 Deshillons.)
1303 4020 1304 4023 Ἴ

98 4098 101 4104 ,
191 4042 229 4113 (5)
247 4044 397 4118 Ohlipeunt,
414 4055 523 4116 portant
539 4042 603 4096 dans
622 4041 649 4094 la
668 4040 762 4094 societe'
773 4050 837 4089 cette
850 4034 1001 4107 franchise,
1017 4043 1128 4104 partape
1149 4030 1211 4082 rl'un

157 4143 226 4178 cucur
236 4127 317 4192 droit,
333 4124 354 4178 tt
362 4127 411 4197 fut
422 4126 493 4178 cheri
505 4125 536 4178 de
546 4138 602 4178 tous
614 4143 677 4175 ceux
689 4123 734 4194 qui
747 4119 771 4172 le
783 4116 985 4171 connaissaient.
997 4113 1100 4184 (Biogr,
1112 4111 1213 4182 Mich)
1237 4146 1241 4151 -
