2648 4822
424 418 542 483 vim
564 418 781 486 ennom.
1090 459 1126 523 ¹7

73 563 121 623 ita
133 587 140 622 ε
151 562 237 624 unde
251 561 332 623 mihi
347 582 402 646 per
424 564 615 624 calumniam
631 566 830 626 inimicorum
851 583 957 650 postea
971 576 1131 644 calamitas

73 653 141 713 fuit
163 651 309 712 conflata.
333 651 419 711 Idem
440 649 501 712 boc
525 651 673 713 Phaedrus
696 654 804 715 fabula
828 657 866 716 de
888 658 971 721 Cane
988 677 1018 723 et
1028 667 1129 728 Vena-

74 754 145 801 tore
170 739 213 820 (ι)
236 740 277 799 ad
304 738 459 800 Philetum
490 739 662 820 significare
689 742 820 803 videtur.
847 745 939 806 Canis
966 753 1049 811 enim
1078 756 1130 815 ille

21 826 24 831 ’
74 829 253 904 venaticus,
274 828 363 890 fortis
385 828 462 889 olim
477 830 621 890 adversus
633 852 741 891 omnes
761 831 856 904 feras,
870 855 954 895 nunc
973 843 1062 901 annis
1082 846 1130 903 in-

75 918 282 1000 gravantibus
300 917 471 998 lauguens,
486 939 579 999 quem
598 917 764 989 adumbrat
782 921 893 997 alium,
913 945 1008 1004 quam
1029 931 1131 1010 ipsum

76 1005 197 1067 fabular
207 1019 365 1065 auctorem
376 1003 434 1083 (a)i
448 1006 647 1086 Quamquam
655 1004 723 1064 baec
737 1005 845 1066 fabula
857 1010 1022 1074 etiamalio
1034 1018 1130 1078 modo

76 1090 226 1177 explicari
241 1105 357 1174 potest,
377 1093 422 1151 uti
444 1113 501 1152 suo
515 1092 585 1151 loco
599 1093 832 1153 monstrabitur.
854 1096 910 1171 Ac,
925 1118 993 1158 mea
1005 1103 1133 1181 quidem

77 1182 247 1255 sententia,
264 1178 410 1239 Pbaedrus
420 1192 491 1261 post
498 1179 613 1237 Tiberii
628 1199 776 1239 secessum
789 1182 822 1239 iu
835 1181 968 1263 Capreas
979 1188 1131 1261 insulam,

78 1271 153 1330 vivo
171 1267 283 1349 Sejano
302 1281 333 1328 et
346 1268 489 1343 florente,
504 1268 582 1328 duos
598 1269 715 1349 priores
727 1268 907 1331 fabularum
923 1274 1019 1337 libros
1034 1281 1068 1338 in
1085 1282 1134 1341 lu-

78 1381 147 1421 cem
157 1359 268 1419 emisit.
280 1360 351 1419 Non
363 1360 447 1416 enim
459 1379 554 1417 unam
568 1358 734 1417 alteramve
743 1358 886 1427 fabidam,
897 1364 955 1422 sibi
965 1371 1134 1453 amicisque.

79 1460 205 1513 tantum
217 1448 427 1530 composuisse
447 1447 524 1506 mibi
540 1447 671 1522 videtur,
684 1447 830 1508 traditam
844 1449 957 1512 deinde
973 1456 1004 1513 in
1021 1479 1133 1519 manus

79 1537 310 1610 multitudinis,
329 1549 455 1618 quaest
469 1535 655 1595 Desbillonii
674 1538 824 1596 sententia
842 1539 892 1617 (3).
908 1541 1048 1625 Namque
1067 1538 1135 1608 nori

79 1648 147 1689 uua
165 1628 287 1687 ratione
299 1627 431 1686 inducor
445 1625 484 1684 ad
496 1624 699 1700 credendum,
717 1625 884 1685 Pbaedrum
899 1632 1051 1713 scripsisse
1068 1658 1135 1695 om-

79 1714 177 1775 nibus
189 1735 257 1774 uon
268 1713 414 1794 singulis,
426 1726 462 1772 ut
475 1713 647 1773 luculenter
661 1713 818 1774 docebunt
834 1720 1001 1797 sequentia.
1017 1722 1135 1783 Contra

80 1802 174 1864 facile
199 1803 331 1862 admitto
355 1799 566 1882 conjecturam
589 1803 746 1877 Brotierii,
773 1805 906 1864 maxime
930 1808 1136 1886 Desbillonii',

81 1892 138 1975 qui
150 1911 219 1951 non
231 1895 297 1950 sine
309 1912 415 1950 caussa
428 1903 582 1963 statuunt,
598 1889 670 1947 libri
683 1892 776 1971 primi
791 1889 931 1950 fabulam
950 1895 990 1953 Vl
1008 1896 1047 1955 de
1066 1899 1136 1957 Sole

80 1994 113 2041 et
132 1981 228 2039 Rauis
248 1977 289 2037 ad
311 1977 461 2036 invidiam
487 1975 597 2055 Sejano
626 1975 799 2034 faciendam
823 1980 1025 2057 pertinuisse3
1050 1984 1137 2064 quod

82 2070 222 2142 Liviam,
235 2069 298 2127 sive
311 2067 472 2139 Livillam,
488 2066 579 2124 Drusi
594 2066 724 2123 Neronis
736 2066 913 2126 Germanici
928 2068 1037 2147 filiam,
1047 2075 1137 2150 Caio,

81 2160 214 2241 Augusti
228 2160 352 2240 nepoti,
367 2179 440 2215 mox
458 2158 573 2229 Druso,
585 2155 698 2214 Tiberii
716 2154 796 2231 filio,
816 2172 963 2239 nuptam,
983 2183 1074 2222 ausus
1091 2185 1137 2224 es·

82 2261 130 2309 set
143 2266 275 2308 uxorem
291 2246 350 2306 sibi
364 2244 520 2326 postulare
534 2242 584 2323 (4),
602 2256 632 2302 et
650 2245 706 2303 ista
719 2246 891 2305 ambitione
909 2261 973 2307 tam
992 2253 1140 2313 insolenti

81 2337 169 2418 vulgi
182 2356 359 2410 rumorem,
377 2336 485 2395 odium
502 2354 681 2415 procerum,
700 2335 814 2394 Tiberii
831 2337 926 2416 ipsius
948 2343 1136 2422 suspiciones

82 2428 250 2496 excitasset
264 2427 366 2502 Quam
379 2425 562 2484 sententiam
574 2422 632 2484 bac
644 2423 735 2484 video
748 2426 806 2483 niti
819 2426 1071 2508 interpretatione
1082 2433 1139 2513 (5).-

84 2541 100 2573 α
131 2514 254 2575 Liviam
284 2512 436 2596 adulterio
459 2526 638 2594 corruperat
666 2511 814 2592 Sejanus,
840 2517 1077 2600 perpuleratque
1103 2535 1141 2580 ut

82 2608 224 2666 Drusum
247 2604 411 2676 maritum,
433 2602 548 2660 Tiberii
568 2599 671 2659 filium
691 2604 750 2680 (6),
772 2623 892 2664 veneno
911 2606 979 2665 tolli
1004 2610 1137 2673 sineret:

84 2707 180 2776 atque
199 2692 294 2752 ambo
313 2704 526 2773 speraverant,
546 2710 667 2749 moram
687 2709 813 2748 omnem
832 2690 926 2750 fuisse
946 2694 1007 2755 hoc
1026 2697 1137 2757 scelere

84 2782 260 2854 sublatam,
272 2800 336 2861 quo
350 2779 455 2837 minus
470 2777 601 2837 celebres
615 2775 724 2837 fierent
736 2780 855 2859 nuptiae
868 2802 875 2836 z
889 2795 921 2839 at
934 2803 1031 2857 ranae,
1047 2784 1138 2844 idest

82 2872 236 2934 universa
249 2868 377 2928 familiae
392 2887 547 2943 romanas,
564 2888 697 2947 quatum
716 2866 782 2942 Sol,
802 2865 946 2948 Sejanus,
967 2892 1074 2932 omnes
1094 2873 1140 2932 la·

83 2981 156 3038 cus,
169 2959 204 3022 id
226 2971 271 3018 est
289 2978 397 3018 omnes
415 2957 540 3031 domos,
556 2955 769 3030 exhauriebat,
792 2958 917 3032 Jovem,
933 2959 965 3017 id
983 2973 1027 3017 est
1048 2961 1138 3019 Tibe·

82 3053 187 3123 rium,
206 3044 332 3106 efficaci
345 3044 470 3104 tandem
495 3044 618 3126 querela
643 3059 899 3119 commoverunt,
925 3061 959 3103 ut
982 3046 1140 3125 nefarium

52 3148 62 3157 “
83 3143 246 3221 inceptum
264 3135 487 3195 disturbaret.»
507 3136 577 3211 Qua
595 3134 703 3193 fabula
718 3134 809 3208 lecta,
828 3132 992 3193 excanduit
1012 3136 1161 3217 Sejanus‘

83 3229 122 3289 iu
134 3225 305 3297 ultionem,
320 3243 479 3303 quumque
491 3222 687 3282 intellexisset
701 3217 867 3279 Phaedrum
881 3220 989 3281 fabula
1004 3223 1057 3284 lib.
1072 3228 1095 3301 l,
1111 3247 1139 3302 a,

84 3314 127 3376 de
148 3311 244 3373 Ranis
268 3331 370 3391 regem
392 3310 579 3393 petentibus,
602 3311 705 3390 ipsum
721 3328 845 3389 carpere
858 3309 1034 3384 Tiberium,
1058 3313 1141 3373 forte

85 3402 201 3488 cupide
222 3401 387 3483 arripuerit
407 3402 498 3460 istam
517 3399 711 3459 occasionem
738 3397 906 3457 ulciscendi
933 3397 1081 3480 injuriam
1103 3423 1139 3461 ex

85 3495 185 3556 altera
198 3491 315 3551 fabella
333 3510 432 3572 nuper
450 3503 624 3572 acceptam,
644 3501 673 3548 et
692 3503 860 3564 accusator,
879 3491 962 3549 testis
981 3513 1016 3550 ac
1028 3491 1139 3572 judex,

84 3586 168 3646 laesae
184 3579 351 3662 majestatis
370 3600 458 3641 reum
473 3580 514 3663 (7)
533 3578 701 3639 Pbaedrum
719 3579 869 3639 damnare
887 3582 1026 3641 tentavit.
1040 3585 1140 3664 Atque

121 3743 163 3817 (ι)
173 3741 231 3794 Lib.
238 3742 272 3807 V,
283 3740 348 3793 Tab.
359 3757 391 3807 x,
407 3740 440 3793 ad
451 3740 589 3803 Philetum.
671 3738 710 3812 (6)
718 3741 838 3807 Tacitus,
848 3738 866 3791 l.
878 3758 900 3792 c.
913 3757 971 3812 cap.
985 3741 1016 3807 3,
1032 3743 1061 3808 8,
1078 3744 1138 3797 coll,

120 3822 161 3895 (a)
174 3824 251 3874 Hane
261 3821 417 3873 sententiam
429 3835 517 3873 tuetur
527 3824 592 3874 Des·
636 3836 695 3890 cap.
709 3837 754 3888 9...
769 3835 808 3870 ιι.
1094 3818 1096 3825 ’

84 3903 211 3959 billonius
223 3902 298 3971 Disp.
311 3901 355 3951 eit.
366 3920 393 3972 p.
406 3917 447 3966 xt,
459 3899 505 3952 ubi
514 3900 580 3953 vide.
671 3897 710 3971 (7)
719 3898 914 3964 Tacit.,Annal.
922 3897 967 3949 lib.
982 3900 1006 3965 l,
1017 3919 1040 3950 e.
1055 3917 1096 3970 72,
1107 3902 1142 3960 de

121 3982 162 4056 (3)
172 3983 247 4053 Disp.
259 3981 302 4030 cit.
314 3999 342 4050 p.
353 3995 378 4030 x.
502 3973 503 3978 ¹
636 3979 741 4032 Tiberio
759 3979 871 4051 loquens
887 4001 892 4028 :
913 3980 1021 4053 heqem,
1039 3983 1142 4052 inquit,

123 4064 163 4137 (4)
173 4064 297 4128 Tacitus,
310 4057 405 4111 Annal.
417 4056 462 4110 lib.
475 4060 519 4126 IV,
531 4078 590 4131 cap.
635 4061 775 4131 majestatis
781 4060 922 4112 reduxerat.
929 4058 989 4110 coll.
995 4060 1138 4114 Desbillon.
1229 4092 1232 4097 <

84 4148 138 4219 39,
148 4144 192 4211 40·
638 4140 814 4211 Disputation.
832 4138 868 4191 de
881 4140 935 4191 vita
946 4135 1061 4208 Phaedri,
1078 4159 1140 4219 pag.

122 4224 162 4296 (5)
172 4215 382 4275 Desbillooiusl.
396 4236 418 4270 c.
430 4236 457 4291 p.
470 4236 494 4269 x.
640 4234 722 4290 xseq.

160 4334 184 4371 1·
958 4323 971 4355 Ἄ
